1864 3398
429 218 501 256 AD
529 217 644 255 CAT.
673 216 734 254 IN
762 215 960 253 EVANG.
990 213 1292 268 S..JOANNIS.
1511 213 1592 251 439

125 328 241 386 δῆλον
270 328 314 376 ἔκ
348 333 418 375 τοῦ
451 326 585 379 εὐθέως
621 325 844 372 ὑπακοῦσαι
882 322 950 370 καὶ
985 322 1093 384 μετὰ
1122 321 1296 374 πίστεως
1326 326 1491 379 ποιῆσαι
1528 320 1594 368 τὸν

124 403 246 468 ὄχλον
267 405 489 459 ἀναπεσεῖν,
513 403 562 456 ὧς
585 403 795 464 δυναμένου
826 406 895 448 τοῦ
926 401 1172 447 διδασκάλου
1206 404 1340 446 τοῦτον
1373 398 1592 463 διάθρεψαι.

123 480 240 535 Τινός
265 481 388 529 ἕνεκεν
410 480 475 528 τὸν
496 481 570 542 μὲν
591 477 859 542 παραλυτικὸν
889 477 1049 540 μέλλων
1081 477 1207 540 ὀρθοῦν
1230 475 1297 523 οὖκ
1319 475 1485 539 ηὔχετο,
1509 475 1595 522 οὐδὲ

125 555 193 606 τόν
228 557 355 622 νεκρόν
391 557 557 622 ἐγείρων,
582 557 667 604 οὗδὲ
701 557 772 613 τὴν
810 556 1012 601 θάλατταν
1046 559 1230 616 χαλινῶν,
1256 554 1421 600 ἐνταῦθα
1455 553 1497 600 δὲ
1531 551 1596 600 ε’πῖ

125 642 198 683 τῶν
221 635 345 699 ἄρτων
367 641 483 683 τοῦτο
506 640 638 687 ποιεῖς
675 633 792 679 θέλων
826 635 935 693 ἡμᾶς
965 632 1194 686 παιδεῦσαι,
1225 630 1287 678 ὅτι
1321 630 1414 684 τοὺς
1444 636 1630 695 τροφῆς5

124 713 380 777 ἀρχομένους,
401 712 655 776 εὗχαριστεῖν
678 711 742 757 δεῖ
758 715 814 768 τῷ
838 713 941 774 Θεῷ.
978 707 1250 771 συνεχώρησεν
1268 708 1310 755 δὲ
1327 714 1593 771 περισσεῦσαι

124 797 307 839 τοσαῦτα
330 792 569 852 κλάσματα,
591 788 633 836 οὗ
657 787 704 835 δι’
725 787 926 842 ἓπέδειξιν,
941 785 1092 848 ἄπαγε,
1111 784 1206 832 ἀλλ’
1226 782 1330 832 ὥστε
1356 786 1416 847 μὴ
1438 793 1597 846 φαντα-

125 868 218 915 σίαν
241 872 467 929 νομισθῆναι
492 865 537 913 τό
560 873 747 928 πρᾶγμα.
783 863 853 911 οὖκ
875 863 1016 910 ἐ’δωκεν
1039 863 1081 910 δὲ
1105 884 1143 910 τ.
1168 863 1264 925 ὅχλ.
1290 880 1360 911 22.

194 965 292 1005 244,
315 964 353 993 1.
388 943 455 991 καὶ
479 943 650 1006 οὐδαμοῦ
673 940 794 996 οὕτως
817 943 1099 1004 θαυμάσαντες
1121 938 1401 1004 ὦμόλογησαν.

194 1042 293 1082 244,
311 1042 353 1085 3.
390 1022 541 1085 ἔλεγον.
1613 1035 1660 1060 ιο

194 1119 293 1160 244,
316 1115 382 1161 15.
418 1099 573 1147 ε’νδεικν.
609 1098 774 1161 Ιἤρχοντο
798 1098 840 1144 δὲ
874 1097 911 1144 οἶ
938 1095 1115 1159 μαθηταῖ
1152 1095 1209 1148 εἷς
1246 1094 1526 1158 Καπερναοῦμ,
1550 1093 1595 1141 τό

124 1178 198 1239 μὲν
223 1178 356 1238 σαφὲς
381 1177 450 1225 οὔκ
474 1176 636 1232 εἰδότες,
657 1176 744 1224 ἐκεῖ
761 1176 803 1223 δὲ
824 1174 1116 1239 προσδοκῶντες
1148 1173 1324 1236 εὑρήσειν
1358 1172 1488 1227 αὐτὸν,
1509 1172 1596 1220 οὐδὲ

123 1257 203 1318 γὰρ
229 1254 397 1302 ἐπιπολὺ
420 1253 618 1317 ἠνείχοντο
641 1254 701 1315 μὴ
723 1259 853 1311 ζητεῖν
875 1275 916 1300 τ.
942 1252 1019 1299 διδ.

195 1351 294 1391 244,
317 1338 383 1379 18.
418 1353 508 1379 τοσ.
532 1330 623 1378 αὗτ.
648 1352 740 1378 κατ.
765 1330 871 1394 ἔρως·
906 1327 976 1377 καὶ
998 1330 1078 1394 γὰρ
1102 1328 1179 1390 οὖχ
1200 1331 1337 1381 ἁπλῶς
1360 1329 1378 1374 ὅ
1404 1327 1478 1375 Εὖ.

194 1429 294 1470 244,
317 1428 386 1459 21.
421 1408 487 1456 τόν
509 1408 619 1456 πόθον
642 1408 731 1455 αὗτ.
755 1407 1038 1470 αἰνιττόμενος.
1614 1421 1658 1459 15

194 1505 291 1548 245,
312 1493 351 1534 8.
386 1485 634 1550 γυμνότερον.
667 1484 1024 1549 Ἀκριβολογεῖται
1048 1483 1090 1531 δὲ
1112 1484 1132 1530 ὂ
1158 1483 1290 1546 Εὗαγ.
1316 1483 1455 1546 λέγων.

194 1580 291 1626 245,
311 1580 381 1625 25.
417 1564 476 1611 ὅτι
502 1564 538 1610 εἶ
559 1563 663 1611 ἄλλο
686 1574 759 1609 πλ.
898 1568 966 1611 26.
1003 1560 1134 1625 εὖρέθη
1158 1582 1203 1607 τε
1228 1558 1274 1606 τὸ
1296 1581 1340 1606 π.

195 1658 294 1703 245,
313 1660 383 1703 30.
417 1642 514 1688 ποτὲ
536 1637 606 1688 εἶδε
631 1637 1205 1703 παραγέγονας-εὔθραστος.

194 1735 292 1780 245,
312 1739 382 1781 34.
418 1717 653 1765 ἀπόλαυσιν.

194 1803 292 1855 246,
311 1812 353 1857 5.
388 1792 690 1858 γαστρόδουλοι.
828 1809 867 1852 7.
904 1797 973 1856 βρ.
999 1814 1037 1839 τ.
1061 1793 1133 1839 οἷπ.
1158 1813 1196 1839 κ.
1217 1814 1254 1838 τ.
1278 1792 1334 1847 ἓξ.
1373 1790 1393 1838 δ
1418 1791 1458 1839 δὲ
1482 1790 1595 1854 λέγει
1611 1814 1660 1839 20

125 1874 245 1921 τοῦτο’
265 1874 368 1921 ἔστι.
403 1870 546 1935 μηδεὶς
569 1872 673 1919 ε’στω
697 1869 790 1933 λόγ.
825 1890 927 1917 mox
950 1876 1105 1934 τρυφῆς
1127 1867 1231 1917 ὥστε
1258 1870 1324 1916 διὰ
1345 1869 1506 1926 ταύτην.

195 1957 292 2010 246,
317 1970 383 2009 14.
419 1972 615 1997 κατακοπ.
754 1954 820 1995 18.
856 1947 1125 2009 αἰνιττομένου
1148 1944 1253 1994 ὥστε
1277 1947 1355 1994 δεῖν
1377 1947 1526 2010 ἀργεῖν.

195 2034 293 2086 246,
314 2044 382 2088 27.
418 2029 630 2092 θορυβάζῃ.
766 2044 836 2087 31.
870 2029 1082 2072 ποιεῖσθαι.

195 2112 294 2164 246,
312 2123 382 2166 32.
419 2105 554 2166 ἔργαζ.
591 2102 715 2166 μηδὲν
755 2102 812 2155 εἷς
849 2102 920 2159 τὴν
966 2100 1096 2164 αὔριον
1131 2099 1389 2165 θησαυρίζειν·
1443 2100 1596 2156 ἔξεστιν

126 2183 262 2245 ἔργαζ.
285 2182 382 2243 μηδ.
405 2203 497 2244 μερ.
1611 2197 1658 2236 25

196 2265 294 2318 248,
315 2275 355 2319 7.
391 2260 498 2317 ε’ζητ.
523 2256 651 2305 εἷπῶν.

195 2328 292 2398 249,
310 2351 352 2397 5.
386 2332 498 2383 ’Avi-2
521 2358 568 2397 μ.
594 2340 658 2382 Μ.
683 2353 819 2395 usque
843 2338 899 2379 ad
920 2331 1017 2380 ἀλλ’
1042 2333 1117 2394 ἐγὼ
1140 2352 1225 2380 om.
1251 2337 1304 2379 B.

196 2431 295 2475 249,
315 2429 354 2473 7.
391 2412 455 2460 ἐπὶ
478 2418 546 2460 τοῦ
567 2435 614 2473 μ.
689 2418 730 2460 8.
755 2411 852 2459 αὐτὸ
875 2413 993 2470 ἀλήθ.
1018 2430 1115 2471 quae
1139 2430 1228 2471 seq.
1250 2415 1295 2456 in
1320 2414 1421 2457 Sch.
1439 2429 1524 2456 om.
1542 2414 1595 2455 B.

196 2509 292 2551 249,
312 2509 382 2552 30.
419 2512 523 2550 σωμ.
547 2490 683 2537 αὐτοῦ.

195 2585 219 2615 2
222 2582 293 2627 5ο.
328 2566 383 2613 τα
405 2577 533 2628 μελλ.
558 2564 626 2612 καὶ
649 2566 703 2612 τὰ
726 2566 842 2628 ἀπορ.
865 2586 904 2611 τ.
929 2566 1043 2627 καρδ.
1179 2571 1246 2611 18.
1270 2587 1309 2612 τι
1334 2564 1422 2611 ε’στ.
1447 2563 1473 2610 ὅ
1489 2572 1593 2623 φησ.
1608 2586 1660 2623 30

196 2660 295 2704 250,
317 2649 384 2691 28.
421 2643 550 2690 οὐκοῦν
572 2647 654 2689 hoc
690 2647 791 2689 Sch.
822 2661 960 2701 usque
988 2646 1043 2687 ad
1075 2640 1227 2694 δεικνὺς
1249 2661 1290 2687 v.
1309 2659 1378 2703 31.
1402 2651 1516 2687 caret
1541 2646 1593 2688 B.

126 2739 266 2780 neque
289 2726 356 2767 es't
379 2723 534 2780 Chrys.
670 2738 739 2780 33.
774 2721 1098 2782 παρασκευάσαι.

196 2813 294 2859 251,
320 2804 360 2844 6.
396 2803 576 2859 Συνεχῶς
599 2802 693 2843 haec
718 2800 873 2856 Chrys.
898 2806 1014 2843 sunt.
1151 2815 1192 2856 9.
1226 2795 1426 2857 γένωνται.

195 2890 295 2936 251,
317 2893 386 2923 21.
422 2873 601 2922 εἶπὸντων
623 2873 666 2920 δὲ
688 2873 814 2921 αὐτῶν
837 2872 913 2935 οὗχ
936 2871 1019 2920 0⁵13?-
1044 2883 1088 2919 et
1109 2877 1203 2919 haec
1228 2876 1385 2933 Chrys.
1410 2882 1526 2920 sunt.

196 2968 295 3013 252,
318 2971 386 3002 20.
423 2952 477 2999 τὰ
499 2951 633 2999 αὐτοῦ.
1607 2975 1655 3013 35
