1864 3398
422 215 496 254 AD
525 215 640 254 cAT.
671 215 731 253 IN
759 214 957 253 EVANG.
985 214 1025 254 S.
1052 211 1299 253 JOANNIS.
1519 214 1600 252 445

197 338 298 387 351,
322 342 392 386 33.
426 324 549 370 πάλιν
571 322 617 370 τό
640 322 794 385 ἀφίημι
817 325 1105 387 ἀναχωροῦντος
1130 320 1192 380 ἦν.

198 421 224 464 3
227 417 298 463 52,
327 416 392 460 17.
429 400 494 447 ὑπ.
518 397 565 447 ὢν
588 402 764 448 θανάτου.

197 493 298 540 354,
322 484 363 525 6.
399 482 591 542 καθαῖρον.
695 493 735 538 7.
771 477 842 535 τὴν
863 477 974 542 παρὰ
996 482 1066 525 τοῦ
1089 481 1194 525 Θεοῧ
1216 481 1265 534 β.

199 570 299 618 355,
321 573 391 604 21.
427 560 525 602 Hoc
547 559 676 602 breve
699 559 800 602 Sch.
826 559 983 617 Chrys.
1008 560 1082 602 dat
1106 559 1215 602 Cod.
1241 559 1294 601 Β.

198 647 299 695 355,
320 650 390 682 22.
426 629 514 679 ἀντὶ
536 637 606 679 τοῦ
627 652 673 694 χ.
700 630 759 678 ἔτι
785 632 822 679 ἔν
845 632 910 694 ἐμ..
1614 651 1636 692 5

197 724 297 772 355,
323 715 391 758 26.
426 707 607 773 Πατρός,
638 707 733 755 ἀλλ’
767 706 871 770 ὅμως
905 710 1056 772 πάσχω
1090 705 1158 756 καὶ
1193 708 1442 772 ἀναιροῦμαι,
1466 705 1535 754 καὶ
1559 705 1601 755 οὖ

131 792 316 849 ποιοῦμαι
340 791 455 834 τοῦτο
486 787 696 849 τεκμήριον
730 791 798 833 τοῦ
831 786 891 848 μὴ
921 785 1165 850 ἀγαπᾶσθαί
1189 807 1244 849 με
1274 786 1384 850 παρὰ
1414 790 1484 832 τοῦ
1506 789 1605 832 Πα-

130 863 237 928 τρός,
262 863 347 912 οὐδὲ
372 863 440 926 ὗμ.

198 961 224 1003 3
227 948 300 1002 56,
323 960 390 988 11.
426 940 679 1005 ἀναχώρησις
708 941 823 988 ἀλλὰ
854 941 1029 1004 ἀγάπης,
1055 941 1257 1004 ἐπήγαγεν
1279 939 1418 1004 λέγων,
1441 938 1604 1003 μείζονα

130 1018 280 1077 ταύτης
304 1019 464 1081 ἀγάπην
494 1017 616 1072 οὐδεὶς
641 1017 742 1081 ἐ’χει,
767 1016 828 1065 ἵνα
851 1039 915 1072 τις
937 1019 1007 1077 τὴν
1029 1019 1163 1082 ψυχὴν
1193 1017 1315 1066 αὐτοῦ
1344 1023 1389 1083 θῇ
1413 1017 1506 1081 ὑπὲρ
1530 1023 1603 1064 τῶν
1618 1039 1667 1065 10

132 1095 264 1156 φίλων
286 1096 422 1152 αὐτοῦ,
445 1101 631 1143 τοσοῦτον
652 1096 732 1159 γὰρ
755 1102 879 1155 φιλῶ.

201 1180 301 1235 356,
323 1192 390 1235 13.
426 1172 568 1233 φίλων.
668 1191 736 1222 21.
768 1173 810 1220 οὖ
834 1171 878 1220 τὸ
900 1171 1034 1235 τυχόν.
1142 1187 1211 1233 27.
1245 1172 1513 1236 εὖηργέτησα.

200 1258 300 1313 356,
321 1257 390 1301 28.
427 1250 616 1298 ε’λᾶττων.
718 1269 789 1312 31.
825 1249 916 1311 ὑμῖν
938 1250 1066 1312 ἔπεδρ.

198 1343 299 1391 357,
321 1347 392 1387 24.
420 1326 503 1375 Καὶ
527 1326 667 1385 ἔπείὸη
689 1326 734 1374 τὸ
758 1326 979 1374 διώκεσθαι.
1018 1332 1127 1373 Haee
1146 1331 1304 1388 Chrys.
1323 1331 1396 1374 dat
1421 1331 1529 1374 Cod.
1550 1331 1603 1374 B.

197 1421 298 1468 357,
319 1421 387 1467 25.
422 1411 578 1453 πολλῶν
600 1403 668 1452 καὶ
692 1403 957 1462 ὀνειδίζεσθαι.
1062 1410 1131 1453 28.
1167 1405 1382 1460 ἀπέδειξεν.
1620 1427 1664 1465 15

198 1498 298 1546 357,
316 1502 387 1545 34.
423 1483 586 1546 ἀγάπης
609 1480 676 1529 καὶ
699 1502 784 1529 om.
804 1487 858 1529 Β.

196 1566 297 1623 358,
321 1579 359 1608 1.
396 1560 619 1623 ἔξεφέρετε.
724 1578 764 1609 2.
799 1564 924 1615 βουλ.
949 1559 991 1607 δὲ
1013 1559 1157 1613 αὖτοὺς
1182 1559 1321 1607 ε’πιπλ.
1346 1566 1439 1618 ζηλ.
1463 1581 1545 1623 γεν.

196 1657 222 1700 3
225 1645 296 1700 58,
322 1644 363 1685 6.
398 1644 472 1685 τῶν
495 1638 560 1698 ε’μ.
584 1642 676 1684 παθ.
783 1656 849 1684 10.
887 1637 1137 1701 ἐργάσονται.
1244 1655 1312 1696 14.
1342 1646 1545 1700 προεφασ.

199 1721 301 1778 358,
323 1731 389 1776 15.
424 1713 493 1762 καὶ
515 1714 665 1773 ταύτην
689 1736 726 1762 τ.
751 1714 871 1762 ἀπολ.

199 1797 300 1853 358,
322 1809 390 1840 21.
426 1789 557 1851 ὅμοια·
606 1789 674 1837 καὶ
705 1790 839 1847 ἐπειδὴ
870 1788 916 1837 τό
952 1798 1125 1854 πρᾶγμα
1159 1789 1382 1848 ἕκπληττον
1416 1788 1474 1848 ἦν,
1499 1787 1604 1838 εἶπεν
1618 1814 1668 1840 2ο

131 1866 201 1916 καὶ
222 1868 294 1926 τὴν
316 1867 460 1923 αἰτίαν,
485 1867 693 1916 τουτέστιν
715 1868 785 1925 τὴν
807 1867 987 1929 πονηρίαν
1009 1867 1149 1914 αὐτῶν.

198 1965 224 2008 3
227 1951 299 2008 58,
326 1964 394 1995 22.
430 1953 626 2009 προαναφ.
651 1943 739 2008 περὶ
761 1944 887 1992 αὐτῶν
917 1942 986 1992 καὶ
1009 1945 1193 2007 λέγοντα.
1218 1963 1315 2005 quae
1346 1963 1433 2005 seq.
1460 1954 1605 1991 autem

132 2043 218 2071 om.
243 2028 296 2070 B.
322 2042 418 2083 usq.
443 2027 498 2069 ad
519 2020 610 2069 Ἵνα
630 2022 690 2085 μὴ
721 2027 795 2085 θορ.

201 2119 226 2162 3
230 2106 302 2162 58,
321 2119 391 2162 34.
434 2105 538 2147 Post
573 2100 748 2162 ἀκριβῶς
783 2104 908 2160 plura
942 2101 1145 2161 deinceps
1180 2118 1204 2146 e
1239 2103 1394 2146 Photio
1434 2103 1606 2146 Scholia

133 2182 307 2224 exhibet
328 2182 381 2224 B.
407 2182 483 2224 sed
505 2181 649 2224 omnia
671 2196 768 2237 quae
792 2186 938 2224 noster
959 2180 1067 2224 Cod.
1086 2181 1231 2233 habet,
1250 2181 1411 2223 omittit
1432 2195 1529 2237 usq.
1550 2180 1605 2222 ad
1620 2197 1639 2222 2
1644 2195 1666 2235 5

132 2275 178 2316 p.
203 2260 304 2316 361,
331 2272 398 2313 24.
432 2252 521 2318 περὶ
550 2253 754 2317 ἁμαρτίας
782 2254 870 2316 μὲν,
887 2259 1003 2301 unde
1031 2259 1202 2302 videtur
1231 2259 1428 2302 lacunam
1464 2258 1605 2301 inesse

135 2336 244 2379 Cod.
269 2337 322 2378 Β.

199 2414 300 2470 363,
323 2428 388 2470 19.
423 2409 590 2473 ἀλλοτρ.
615 2415 750 2456 λαλεῖ.
855 2414 924 2458 28.
956 2408 1109 2456 ὑπαλλ.
1212 2427 1284 2471 3ο.
1317 2409 1521 2470 ἐμπεσεῖν.

201 2491 302 2546 364,
326 2503 368 2543 4.
403 2482 504 2549 ἅπερ
528 2482 575 2532 ἂν
598 2483 702 2533 εἷπον
726 2485 828 2547 ὑμῖν.
928 2505 970 2546 9.
1005 2487 1248 2550 ἁμαρτάνειν
1273 2485 1331 2532 ἔκ.
1354 2490 1455 2533 πειθ.

200 2569 301 2624 364,
327 2581 392 2609 10.
429 2563 539 2624 λέγει
565 2562 638 2610 ὅτι.
745 2581 811 2624 13.
848 2584 887 2609 κ.
910 2584 951 2609 τ.
976 2563 1044 2624 ε’μ.
1071 2584 1214 2627 συγκρ.
1237 2583 1324 2610 om.
1344 2567 1398 2609 Β.
1613 2590 1669 2628 30

201 2646 300 2701 364,
324 2658 391 2699 19.
427 2640 622 2698 ἐπανήξει.
727 2658 795 2689 20.
831 2639 948 2687 ἔσται
973 2642 992 2686 ὁ
1014 2661 1060 2702 χ.

202 2723 303 2778 365,
331 2735 368 2763 1.
404 2719 429 2775 ἦ
452 2715 551 2763 ὦὸίν.

201 2801 300 2856 365,
326 2812 395 2855 29.
431 2793 550 2851 δηλοῖ
566 2792 626 2840 ὅτι
649 2800 785 2840 πᾶσαν
808 2791 980 2840 εἴσονται
1005 2815 1044 2841 τ.
1067 2814 1130 2857 γν.
1154 2813 1251 2854 quae
1276 2812 1365 2853 seq.
1390 2812 1475 2839 om.
1494 2797 1547 2839 Β.

200 2877 302 2933 366,
325 2889 390 2917 11.
429 2872 568 2917 Πάλιν
589 2870 631 2917 δὲ
654 2870 689 2917 ὃ.
714 2875 747 2917 θ.
770 2875 864 2917 haec
888 2874 1043 2932 Chrys.
1068 2881 1185 2919 sunt.
1292 2885 1359 2931 15.
1385 2869 1580 2923 εἰπόντας.

202 2954 302 3010 366,
326 2954 391 2995 16.
420 2947 523 3010 μηδὲ
546 2958 723 3011 παρακλ.
830 2966 896 3009 19.
927 2949 1124 3007 ἦτήσατε.
1616 2975 1666 3017 35
