1864 3398
269 245 350 283 438
567 241 1011 281 SUPPLEMENTUM
1041 241 1113 278 ET
1139 240 1262 278 VAR.
1293 240 1446 278 LEGT.

339 370 438 413 230,
459 369 527 412 23.
565 355 669 397 Post
690 351 986 413 προστάσσοντι
1010 358 1123 396 caett.
1147 367 1232 396 om.
1258 353 1313 395 Β.

341 447 440 490 230,
457 447 527 489 33.
565 432 669 474 Post
693 427 866 483 ἐξένευσε
890 446 974 473 om.
999 446 1095 487 quae
1120 445 1209 486 seq.
1228 431 1281 473 B.
1303 444 1399 485 usq.
1418 429 1473 471 ad
1495 425 1665 487 μάρτυς.

341 523 440 566 231,
463 524 500 551 1.
537 509 641 551 Post
665 509 854 567 σπινθῆρα
875 509 1037 564 reliqua
1059 523 1145 550 om.
1171 508 1225 549 B.
1360 516 1404 563 5.
1439 501 1488 548 τί
1505 501 1546 549 δε
1569 523 1616 563 μ.

342 601 438 643 231,
462 599 528 640 14.
563 580 759 642 δῶσωμεν.
896 599 965 630 22.
1003 585 1124 627 Pauli
1147 584 1217 626 cit.
1241 599 1325 626 om.
1350 583 1403 626 Β.

341 679 438 722 231,
459 666 526 709 26.
563 659 610 706 δι’
634 660 926 723 ἁμαρτήματα.
1065 676 1132 719 29.
1170 657 1238 704 οἴει
1262 677 1331 718 με.
1366 675 1467 702 mox
1490 653 1515 714 ἢ
1538 675 1622 702 om.
1749 673 1772 713 5

343 755 439 799 231,
459 755 529 798 33.
564 741 814 799 γεγενῆσθαι.

342 833 440 876 232,
459 832 528 875 31.
566 818 698 861 Quod
721 832 809 872 seq.
836 817 978 858 Schol.
1003 831 1091 857 non
1114 815 1244 857 habet
1269 814 1376 857 Cod.
1401 815 1454 857 Β.

342 909 438 953 233,
460 897 527 940 28.
563 890 633 948 τὴν
656 900 836 951 παραλλ.

342 986 440 1028 234,
459 985 527 1025 24.
563 964 631 1013 καὶ
654 965 742 1029 περὶ
767 971 839 1013 τῶν
862 963 996 1028 ἑτέρων
1021 966 1322 1027 λαμβάνοντας.

341 1058 439 1106 235,
464 1062 501 1090 1.
539 1042 579 1090 οὗ
603 1049 751 1090 τοῦτον.
890 1048 929 1089 8.
965 1042 1199 1089 διαπιστεῖν.
1339 1059 1404 1103 19.
1442 1040 1515 1093 τὰς
1539 1040 1618 1088 εὗθ.
1760 1060 1803 1088 ιο

341 1136 438 1183 235,
460 1139 528 1183 29.
562 1120 876 1184 προστήσεσθαι.
1013 1133 1083 1180 35.
1119 1116 1187 1165 καὶ
1211 1140 1250 1165 τ.
1276 1118 1319 1165 ἔκ
1342 1140 1380 1164 τ.
1405 1123 1453 1174 β.
1489 1118 1735 1181 προσέθηκεν.

340 1206 437 1261 236,
456 1213 499 1259 5.
534 1197 581 1245 δι’
605 1198 764 1259 ἄμφοτ.
787 1215 924 1256 usque
948 1200 1003 1241 ad
1026 1195 1210 1258 ἄνθρωπον
1233 1215 1321 1242 non
1343 1200 1442 1241 hab.
1467 1201 1520 1243 Β.

342 1283 440 1338 236,
463 1295 529 1338 13.
565 1275 765 1337 διελέχθη.
902 1291 970 1335 23.
1004 1271 1093 1337 περὶ
1117 1292 1201 1319 om.
1225 1277 1277 1319 B.
1398 1278 1466 1321 26.
1503 1271 1738 1336 εὖρήσωμεν.

341 1361 437 1416 236,
457 1372 527 1415 30.
563 1351 774 1414 δεξώμεθα.

341 1446 439 1492 237,
458 1449 499 1491 3.
536 1429 771 1491 ε’ποίγεσθαι.
910 1444 948 1484 7.
984 1433 1104 1490 Τρεῖς
1127 1427 1312 1489 παράγων
1333 1447 1457 1488 μαρτ.
1755 1443 1800 1484 15

341 1522 439 1569 237,
460 1525 527 1568 23.
565 1505 649 1552 οὐδὲ
673 1510 790 1564 θαυμ.

342 1599 438 1646 237,
458 1601 528 1645 30.
564 1578 686 1645 εἶχον,
717 1581 830 1628 ἀλλὰ
864 1578 1100 1645 πρόσκαιρος
1135 1579 1180 1638 ἦν
1215 1578 1341 1637 ἐκείνη
1375 1578 1441 1626 καὶ
1477 1578 1680 1635 ἀβέβαιος
1713 1581 1738 1638 ἦ

275 1662 439 1719 σπουδή.

342 1744 440 1800 238,
463 1756 529 1784 11.
564 1735 651 1799 περὶ
675 1734 788 1783 Θεόν.
926 1751 994 1795 27.
1029 1740 1103 1792 τῆς
1126 1733 1313 1786 πίστεως.
1437 1752 1506 1795 31.
1531 1733 1567 1780 ἔν
1590 1732 1738 1786 αὐτοῖς.

342 1834 438 1877 239,
457 1829 500 1875 5.
535 1820 608 1861 τῶν
631 1812 765 1860 αὐτοῦ.
902 1817 941 1858 8.
977 1814 1001 1870 ἡ
1024 1810 1152 1871 φύσις
1174 1813 1198 1869 ἡ
1223 1811 1314 1872 ε’μῆ.
1753 1833 1804 1860 20

344 1911 440 1954 239,
465 1911 530 1953 13.
564 1891 689 1953 εΟρὸῖς
711 1895 794 1936 hoc
819 1894 918 1936 Sch.
943 1908 1027 1935 om.
1053 1894 1106 1935 Β.
1243 1894 1311 1937 28.
1349 1886 1617 1934 ὑπακούσατε.

343 1987 441 2027 240,
459 1983 500 2029 5.
538 1974 636 2015 Hoc
662 1972 761 2014 Seh.
786 1976 901 2013 caret
924 1971 976 2013 B.
1114 1981 1182 2022 24.
1217 1963 1460 2024 φιλοσόφου.

343 2065 441 2105 242,
460 2061 502 2106 5.
538 2046 708 2108 ἀγορασ.
733 2044 821 2106 ἀρτ.
845 2062 930 2089 om.
956 2047 1009 2088 B.

345 2142 440 2183 242,
464 2141 531 2169 11.
565 2128 700 2169 ποιεῖν.
749 2120 798 2172 ὦς
837 2119 958 2180 μηδὲν
1000 2118 1041 2165 δὲ
1082 2116 1230 2176 ὑψηλὸν
1273 2118 1519 2176 ἔννοήσαντος
1558 2123 1627 2164 τοῦ
1663 2122 1742 2164 Φι-

277 2199 424 2247 λίππου
455 2197 522 2246 καὶ
555 2197 741 2252 εἴποντος,
773 2203 801 2223 “
826 2194 886 2242 ἔτι
923 2194 1153 2257 τριακοσίων
1188 2191 1407 2256 δηναρι’ων,”
1444 2193 1512 2241 καὶ
1547 2194 1601 2240 τὰ
1636 2195 1802 2257 {gfff-25

275 2276 460 2340 Ἀνδρέας
495 2277 513 2322 ὃ
550 2273 725 2333 ἀδελφὸς
766 2272 942 2334 Σίμωνος
983 2271 1142 2334 Πέτρου
1179 2269 1417 2334 ὑψηλότερον
1462 2272 1534 2332 μὲν
1573 2277 1643 2318 τοῦ
1683 2276 1739 2317 Φ.

278 2351 486 2410 ἐνενόησεν,
516 2351 628 2399 εἰπὼν
652 2350 710 2397 ἔτι
744 2348 852 2397 ἔστιν
876 2345 946 2395 ὧδε
970 2348 1172 2411 παιδάριον
1195 2345 1262 2394 καὶ
1287 2347 1339 2394 τὰ
1362 2349 1465 2405 ἑξῆς,
1490 2347 1530 2394 οὗ
1553 2348 1631 2409 μὴν
1654 2347 1740 2395 οὐδὲ

278 2428 410 2481 οὕτως.

346 2525 443 2564 242,
466 2524 531 2567 13.
568 2504 740 2562 ’ἔφθασεν
774 2509 827 2567 τῷ
863 2503 1093 2565 ἔπαγοίγειν,
1119 2509 1147 2529 “
1171 2502 1284 2548 ἀλλὰ
1314 2508 1446 2549 ταῦτα
1477 2501 1523 2549 τί
1552 2503 1661 2550 ἔστιν
1683 2502 1741 2555 εἷς

279 2590 307 2610 “
332 2581 541 2633 τοσούτους
559 2582 597 2633 ;”
639 2578 724 2626 ἐπεὶ
760 2577 821 2626 οἶν
852 2580 1083 2641 ἀπέγνωσαν
1114 2577 1335 2643 ἀμφότεροι
1367 2579 1404 2626 οἶ
1434 2578 1624 2641 μαθηταὶ,
1648 2577 1740 2627 τότε
1753 2597 1806 2635 30

280 2663 580 2721 θανματουργεῒ·
633 2654 706 2719 πρὸ
749 2657 875 2716 (Cod.
908 2655 1022 2719 πρὸς)
1065 2657 1105 2703 δὲ
1139 2661 1207 2703 τοῦ
1242 2663 1411 2716 φανῆναι
1454 2657 1544 2709 τοὺς
1585 2657 1738 2720 ἄρτους,

278 2736 518 2799 προσέταξεν
552 2735 763 2780 ἀναπεσεῖν
797 2732 888 2785 τοὺς
928 2732 1088 2795 ὄχλους,
1125 2731 1223 2785 ὅπως
1263 2731 1330 2779 καὶ
1366 2734 1437 2789 την
1467 2733 1633 2780 διάνοιαν
1668 2739 1741 2780 τῶν

279 2817 460 2874 μαθητῶν
490 2811 719 2875 ἀναστήσῃ,
745 2808 811 2856 καὶ
835 2809 881 2856 τὸ
913 2814 1045 2871 θαῦμα
1077 2808 1313 2872 ὑψηλότερον
1344 2808 1543 2874 ἀποδείξῃ·
1579 2809 1628 2862 ὦς
1662 2810 1740 2873 γὰρ

281 2888 437 2949 ἑτοίμου
460 2885 528 2934 καὶ
552 2886 934 2951 παρεσκευασμένης
957 2885 1075 2943 οὔσης
1099 2891 1172 2943 τῆς
1194 2885 1403 2948 τραπέζης,
1423 2891 1535 2932 τοῦτο
1557 2885 1741 2948 ’γενέσθαι

281 2963 618 3028 παρεκελεύσατο,
643 2962 701 3010 ὅτι
726 2963 768 3010 δὲ
803 2963 846 3010 ἔκ
877 2969 949 3020 τῆς
987 2962 1209 3026 ἐρωτήσεως
1247 2962 1447 3026 ἐκέρδαναν
1483 2962 1520 3009 οἱ
1550 2960 1739 3024 μαθηταὶ,
1753 2982 1802 3020 35
