1884 3340
265 224 306 264 iv
684 222 999 264 MONITUM
1033 222 1331 268 LECTORI.

272 338 418 386 semel
449 354 559 385 vero
594 342 782 384 tantum
822 336 1043 383 laudatur
1076 338 1126 383 in
1160 337 1343 384 Catena
1375 352 1404 383 a
1439 337 1574 383 nobis
1610 337 1741 384 edita

274 423 323 467 in
348 421 434 467 Ev.
461 421 509 467 S.
530 420 698 476 Marci,
723 436 964 482 nunquam
988 426 1150 466 autem
1185 421 1235 466 in
1268 421 1324 467 iis
1347 437 1451 481 quae
1485 422 1544 467 ad
1575 421 1661 467 Ev.
1687 419 1738 467 S.

273 505 305 550 J
308 505 470 551 oannis
487 503 822 565 explicandum
837 505 1128 551 concinnatae
1146 509 1257 550 sunt
1272 519 1284 559 ;
1308 505 1434 551 unde
1452 510 1584 565 patet
1599 504 1742 550 Com-

274 588 530 635 mentarios
565 588 666 648 ejus
700 587 750 633 in
781 588 898 634 duos
931 586 1018 633 hos
1054 585 1379 648 Evangelistas
1414 592 1526 634 ante
1560 592 1742 633 ceteros

275 687 373 717 aevo
397 671 672 731 absumptos
696 685 811 717 esse.

343 754 523 801 Nostra
545 754 593 799 in
619 753 668 800 S.
688 753 720 799 J
723 768 924 800 oannem
949 753 1143 807 Catena,
1166 769 1354 814 prorsus
1385 754 1621 800 dissimilis
1656 760 1742 808 est,

274 842 329 882 ut
352 837 475 882 bene
505 837 692 883 monuit
728 835 1059 882 Montfaucon.
1094 836 1144 880 in
1179 835 1303 882 Bibl.
1329 835 1470 882 Coisl.
1494 852 1539 897 p.
1560 835 1638 883 68.
1661 836 1744 883 illa

275 935 416 980 quam
433 919 644 980 vulgavit
664 918 915 965 Corderius
934 918 1099 965 Graece
1117 923 1167 964 et
1187 917 1359 964 Latine
1377 918 1654 979 Antverpiae
1669 935 1744 965 an.

277 1001 420 1048 1630.
440 1002 520 1047 fol.
592 1001 715 1047 Cum
740 1001 1026 1047 Corderiana
1048 1002 1256 1048 maxime
1279 1003 1477 1062 quadrat
1499 1002 1581 1048 illa
1603 1018 1746 1063 quam

275 1086 488 1132 continet
521 1085 664 1132 Liber
696 1085 1014 1131 Baroccianus
1049 1088 1160 1130 225.
1189 1085 1388 1131 membr.
1412 1085 1548 1130 form.
1571 1084 1617 1130 in
1645 1087 1743 1131 4to.

277 1167 392 1214 Saec.
413 1167 533 1222 XII,
565 1168 745 1228 optime
777 1173 1010 1222 exaratus,
1035 1167 1117 1213 sed
1153 1167 1288 1212 initio
1324 1172 1374 1213 et
1406 1167 1500 1213 fine
1533 1167 1743 1222 mutilus,

277 1256 326 1296 et
361 1250 524 1296 multis
563 1251 612 1295 in
649 1250 763 1295 locis
807 1250 1007 1296 humore
1039 1256 1299 1311 corruptus.
1371 1249 1515 1296 Hunc
1552 1251 1745 1311 quidem

276 1332 502 1378 Codicem
526 1332 830 1378 utilissimum
845 1333 1111 1393 judicarem
1134 1333 1194 1379 ad
1218 1334 1547 1395 corrigendum
1572 1339 1622 1379 et
1645 1349 1745 1379 am-

274 1415 518 1476 pliandum
543 1415 950 1461 Commentarium
986 1431 1014 1461 a
1049 1415 1273 1462 Corderio
1309 1416 1506 1462 editum.
1578 1416 1745 1463 Nostri

275 1504 437 1545 autern
452 1498 791 1544 Commentarii
807 1499 1042 1560 praecipua
1056 1514 1160 1559 pars
1175 1498 1512 1560 Chrysostomo
1528 1499 1744 1554 debetur,

276 1588 325 1627 et
348 1581 408 1626 ab
432 1581 598 1627 eadem
633 1581 941 1641 proculdubio
972 1597 1116 1627 manu
1148 1597 1209 1627 ex
1239 1582 1339 1642 ejus
1364 1581 1518 1628 Patris
1540 1582 1746 1628 homiliis

277 1661 531 1725 compilata
565 1670 652 1717 est,
678 1679 780 1725 quae
813 1664 1189 1711 Commentarios
1219 1666 1268 1711 in
1304 1665 1355 1712 S.
1383 1665 1672 1711 Matthaeum
1696 1671 1747 1712 et

278 1747 327 1794 S.
349 1747 528 1793 Lucam
553 1747 770 1793 confecit.
841 1746 1034 1794 Additae
1065 1753 1175 1794 sunt
1197 1754 1424 1809 praeterea
1446 1747 1609 1794 multae
1633 1749 1750 1795 cita-

277 1831 430 1876 tiones
454 1846 516 1876 ex
539 1829 820 1891 Apollinari,
840 1830 1030 1891 Cyrillo,
1050 1829 1270 1892 Origene,
1292 1830 1481 1885 Severo,
1498 1831 1746 1878 Theodoro

279 1913 585 1959 Heracleensi
610 1918 659 1958 et
683 1913 930 1959 Theodoro
948 1912 1317 1974 Mopsuesten03
1349 1914 1430 1960 sed
1454 1919 1565 1960 ante
1584 1929 1747 1960 omnes

278 1995 654 2056 frequentissime
699 1995 919 2041 laudatur
961 1994 1248 2042 Ammonius
1281 1995 1616 2043 Alexandrinae
1657 1996 1749 2043 Ec-

278 2078 430 2124 clesiae
454 2078 718 2140 Presbyter,
743 2078 876 2139 cujus
907 2078 1061 2124 multa
1094 2079 1301 2125 adducta
1330 2084 1440 2124 sunt
1475 2078 1666 2125 Scholia
1698 2079 1748 2125 in

279 2161 462 2206 Catena
483 2160 543 2206 ad
566 2159 695 2206 Acta
719 2160 806 2206 SS.
826 2159 1167 2220 Apostolorum
1191 2176 1219 2207 a
1241 2161 1377 2207 nobis
1400 2160 1606 2223 vulgata.
1652 2161 1748 2207 Hic

281 2243 504 2303 Scriptor,
528 2258 623 2287 non
665 2242 1022 2288 confundendus
1063 2258 1172 2288 cum
1225 2243 1489 2303 antiquiore
1537 2243 1748 2304 ejusdem

281 2325 484 2371 nominis
522 2324 839 2370 Monotessari
876 2324 1055 2386 Evang.
1079 2324 1306 2380 Auctore,
1340 2341 1481 2386 quem
1515 2331 1748 2372 memorat

282 2407 457 2453 Euseb.
483 2406 611 2452 Hist.
637 2406 765 2451 Eccl.
789 2405 882 2453 VI.
905 2409 981 2461 19,
1006 2406 1216 2454 floruisse
1239 2407 1427 2455 videtur
1458 2409 1582 2455 circa
1602 2408 1747 2454 finem

281 2489 331 2535 V
356 2488 554 2543 Saeculi3
590 2503 701 2534 nam
735 2488 1007 2549 subscripsit
1042 2504 1117 2534 an.
1142 2491 1255 2535 458.
1292 2489 1516 2551 Epistolae
1554 2491 1751 2552 Episco-

280 2586 449 2631 porum
472 2570 666 2631 AEgypti
700 2571 760 2615 ad
797 2570 1008 2616 Leonem
1044 2570 1166 2632 Imp.
1198 2588 1282 2632 pro
1307 2573 1578 2619 defensione
1603 2573 1748 2619 Conc.

282 2652 678 2702 Chalcedonensis
709 2651 801 2712 (ap.
827 2651 964 2699 Fabr.
990 2652 1115 2699 Bibl.
1141 2653 1224 2700 Gr.
1248 2661 1283 2700 t.
1303 2654 1394 2702 IV.
1419 2671 1463 2716 p.
1482 2658 1614 2717 179.)

350 2734 424 2779 De
458 2734 548 2781 hoc
572 2734 831 2781 Ammonio
864 2750 959 2780 non
990 2737 1219 2796 gravabor
1241 2738 1452 2798 quaedam
1477 2739 1750 2784 testimonia

282 2816 514 2862 adducere
537 2831 598 2861 ex
622 2815 863 2862 Anastasii
888 2816 1079 2863 Sinaitae
1105 2817 1322 2881 Hodego,
1346 2821 1567 2880 quoniam
1592 2822 1748 2866 minus

281 2903 499 2945 accurate
533 2904 723 2944 exstant
746 2898 938 2959 vulgata
971 2900 1021 2946 in
1046 2900 1255 2946 Gretseri
1283 2901 1367 2947 Ed.
1391 2916 1438 2962 p.
1458 2905 1570 2952 278.
1642 2903 1749 2949 Nos
