1864 3398
430 235 505 274 AD
535 235 649 273 CAT.
681 235 739 273 IN
770 236 966 274 EVANG.
995 236 1035 274 S.
1062 234 1308 274 JOANNIS.
1527 237 1608 275 433

207 348 303 402 178,
327 349 396 392 26.
428 341 474 390 τό
498 343 540 392 δὲ
564 350 594 372 “
617 341 688 402 ἦθ’
712 343 818 392 οὐδὲν
840 343 969 408 ἕτερόν
1003 344 1115 392 ἔστιν
1147 342 1243 390 ἀλλ’
1267 342 1292 402 ἢ
1316 349 1386 392 τοῦ
1416 341 1513 391 εἶναι
1544 342 1608 392 ἀεὶ

135 418 362 476 δηλωτικὸν,
386 418 455 467 καὶ
488 419 656 485 ἀπείρως
688 418 797 468 εἶναι.
832 420 962 484 Λόγον
998 421 1040 468 δὲ
1075 420 1193 468 αὖτόν
1224 420 1432 478 ἐκάλεσεν,
1456 418 1518 469 ἵνα
1546 421 1608 483 μὴ

133 497 311 555 παθητὴν
328 497 448 545 αὖτοῦ
466 498 535 556 τὴν
556 498 738 561 γέννησιν
762 497 1042 560 ὑπολάβωμεν·
1079 497 1138 545 ἔτι
1164 499 1206 546 ’δὲ
1224 501 1292 546 καὶ
1315 499 1380 546 διὰ
1403 497 1449 546 τό
1472 500 1609 562 ἀπαγ-

133 579 273 636 γεῖλαι
298 576 392 636 ἡμῖν
413 574 468 622 τὰ
490 580 558 622 τοῦ
581 574 762 639 Πατρός.

206 655 302 710 178,
322 670 363 712 9.
400 650 461 698 Τι’
485 652 629 710 δήποτε
665 650 767 699 Θεόν
801 650 870 699 καὶ
904 650 1006 699 Θεόν
1041 651 1168 708 εἰπὼν,
1203 650 1272 699 καὶ
1310 652 1390 718 γὰρ
1424 651 1529 706 Θεὸς
1563 651 1608 711 ἦν

133 734 262 787 φησιν
284 729 302 773 o‘
325 726 469 790 Λόγος·
507 728 573 775 οὐκ
599 727 787 791 ε’μφαῖνει
811 729 859 776 τί
874 730 999 791 μέσον
1021 731 1131 790 ἡμῖν,
1155 751 1193 776 κ.
1212 751 1252 776 τ.
1272 741 1312 776 λ.

205 809 300 864 178,
323 823 388 852 11.
423 801 526 852 εἶπεν
547 807 641 870 γάρ.
749 822 814 867 17.
839 807 995 870 ἀνάγκη
1017 808 1152 854 πάλιν.
1261 812 1327 854 18.
1352 807 1530 866 ε’κπῆδον.

204 886 301 941 178,
324 899 390 939 19.
413 885 586 941 ἡλιακῆς
607 883 782 944 φύσεως.
921 902 990 933 22.
1015 882 1136 937 οὕτως
1158 882 1220 931 οἶν
1242 883 1325 932 καί.

205 964 302 1018 178,
321 965 391 1008 26.
423 958 527 1007 ου’ὃὲν
549 960 628 1024 γὰρ
652 963 762 1022 ἡμῖν.
856 977 925 1021 27.
951 960 1004 1009 ἑνὶ
1027 966 1099 1026 Bp.
1122 983 1159 1026 p.
1261 980 1332 1023 31.
1358 962 1606 1026 ἐπιθήσομεν.

205 1041 301 1091 181,
321 1054 361 1084 2.
384 1037 508 1097 μήτις
531 1037 601 1084 ἀπ.
706 1044 749 1086 8.
774 1037 957 1098 φωτίζον.
1065 1044 1132 1085 18.
1159 1036 1277 1085 αὐτὸν
1300 1039 1343 1086 οὗ
1367 1061 1459 1086 κατ.

204 1117 298 1169 182,
315 1131 359 1172 4.
384 1113 426 1160 οὗ
449 1114 596 1161 δέεται.
735 1130 775 1175 7.
799 1117 870 1174 τὴν
893 1116 1025 1164 αὐτοῦ.

205 1196 300 1246 182,
318 1209 360 1252 9.
390 1190 525 1250 ἐπειδὴ
547 1192 597 1245 ὦς
620 1193 674 1240 τὰ
697 1193 835 1240 πολλὰ
857 1192 948 1258 παρ’
972 1196 1067 1255 ἡμῖν
1087 1193 1229 1255 μείζων
1252 1195 1270 1240 o‘
1293 1215 1339 1255 μ.

205 1273 303 1325 182,
326 1273 393 1314 16.
426 1270 452 1327 ἦ
477 1268 672 1327 σκὸτησις
696 1268 871 1323 ἐκείνοις.

206 1350 301 1404 184,
322 1363 391 1406 23.
425 1345 551 1406 μόνον.

205 1428 302 1482 185,
320 1441 361 1483 3.
385 1421 444 1469 Tb
468 1423 510 1470 δὲ
534 1423 592 1476 εἰς
614 1423 668 1472 τὰ
692 1423 779 1472 ἴδια
800 1429 894 1471 haec
919 1428 1219 1485 Chrysostomi
1243 1436 1359 1472 sunt.

206 1504 301 1560 185,
319 1515 362 1560 5.
394 1497 483 1563 περὶ
505 1502 657 1548 πάντων
678 1500 841 1565 ἄνθρῶπ.
979 1516 1019 1561 7.
1043 1501 1080 1549 οἷ
1101 1501 1142 1549 δὲ
1165 1502 1235 1549 οὔκ
1259 1502 1449 1558 ἐδέξαντο.

206 1582 300 1638 185,
323 1595 391 1626 12.
414 1579 666 1634 καταβάσει.
808 1597 875 1640 19.
899 1577 945 1625 τὸ
965 1578 1008 1626 δὲ
1031 1578 1116 1626 ὅσοι
1142 1583 1298 1641 Chrys.
1323 1591 1440 1628 sunt.

205 1659 303 1715 185,
323 1672 391 1716 23.
416 1654 588 1713 ἦξιῶντο.

206 1737 302 1787 186,
320 1749 392 1793 31.
417 1737 490 1789 τῆς
511 1732 686 1792 ἀφάτου.
774 1750 845 1793 34.
868 1733 1095 1795 γεγόνασιν.
1182 1753 1207 1795 3
1211 1749 1253 1795 5.
1277 1734 1605 1795 μεταπεσούσης.

207 1814 302 1868 187,
327 1823 393 1869 15.
419 1809 456 1856 οἱ
476 1808 565 1856 κατ’
591 1809 711 1856 ε’κεῒνο
735 1814 883 1871 καιροῦ.

207 1891 303 1942 188,
326 1904 392 1933 10.
417 1891 470 1951 τῇ
493 1908 533 1933 τ.
558 1886 697 1944 νηπίων
718 1885 832 1934 Ἰουὸ.
857 1886 1039 1950 ἀσθενείᾳ
1065 1908 1186 1950 συγκ.
1293 1906 1360 1938 12.
1385 1889 1524 1951 λέγων.

206 1968 303 2019 188,
325 1969 391 2010 16.
415 1962 704 2025 εὖπαράὸεκτος
726 1965 751 2022 ἦ
773 1964 975 2028 μαρτυρία
996 1986 1039 2027 γ.
1145 1984 1214 2015 21.
1237 1988 1303 2030 πρ.
1328 1988 1382 2028 με
1405 1965 1511 2013 ὄντα.

207 2045 304 2097 188,
324 2055 392 2101 25.
417 2062 457 2088 τ.
482 2047 624 2089 καλῶν.
763 2056 834 2101 27.
859 2040 1128 2105 ὖπερβλῦζων·
1169 2043 1439 2108 ὑπερβλύσαι.

208 2123 305 2173 188,
325 2123 392 2165 28.
416 2123 489 2175 τῆς
511 2125 707 2170 παλαιᾶς.
785 2136 853 2180 29.
877 2118 970 2166 τότε
993 2139 1078 2167 0111.
1105 2126 1156 2167 Β.
1225 2140 1299 2183 30.
1322 2125 1602 2179 πολυπληθεῒν.

209 2199 306 2255 189,
328 2213 394 2255 13.
417 2215 460 2256 γ.
483 2197 508 2253 ἡ
531 2193 634 2251 ὄψις.
710 2213 776 2254 14.
799 2217 839 2242 τ.
864 2195 989 2255 φύσιν
1012 2216 1096 2244 om.
1121 2202 1174 2243 B.
1247 2214 1314 2258 27.
1339 2197 1605 2264 ὑποπτεύσῃς.

210 2277 303 2332 189,
322 2287 392 2333 35.
419 2272 492 2318 διδ.
517 2271 641 2334 ἔχειν.

209 2366 307 2410 190,
326 2355 367 2397 6.
391 2347 435 2406 ἦν
457 2348 594 2396 εἰπεῖν.
668 2367 735 2395 10.
759 2370 806 2410 μ..
825 2355 899 2407 τῆς
915 2350 1054 2399 τούτου
1069 2373 1136 2415 πρ.
1210 2370 1274 2412 19.
1301 2351 1444 2405 αὐτοὺς
1467 2354 1603 2399 πάλιν.

209 2443 306 2486 190,
326 2444 396 2475 21.
421 2425 628 2484 ἓστηκέναι
654 2425 791 2473 αὑτῶν.

209 2521 306 2564 191,
324 2522 366 2564 3.
390 2503 577 2566 Ἱεροσολ.
603 2502 728 2550 ε’στίν.
829 2522 872 2562 4.
894 2505 1008 2569 πρινὴ
1033 2506 1198 2563 δεθῆναι.
1303 2521 1342 2565 7.
1365 2503 1571 2568 γενόμενα.

211 2598 306 2641 191,
325 2598 396 2641 30.
420 2580 537 2627 ἀποκ.
562 2578 683 2632 θείας.
819 2599 890 2642 31.
916 2581 1030 2628 εἶπῶν
1052 2581 1147 2628 ἀλλ’
1172 2580 1245 2630 ἵνα.

212 2675 309 2717 192,
328 2671 370 2717 5.
396 2654 582 2718 συγγενίς
607 2678 693 2703 σου.
801 2663 868 2704 16.
894 2658 989 2705 ἐκεῖ.
1094 2664 1163 2708 28.
1186 2681 1226 2706 τ.
1250 2680 1345 2721 πωρ.
1369 2677 1456 2705 om.
1478 2662 1531 2705 B.

211 2752 305 2794 193,
326 2739 365 2781 6.
390 2733 643 2780 διδάσκαλον.
776 2748 815 2793 7.
840 2733 930 2798 παρ’
955 2734 1091 2782 αὐτοῦ.
1233 2742 1298 2782 16.
1323 2735 1494 2796 δυσμάς.

212 2828 307 2871 193,
331 2828 396 2870 19.
421 2807 521 2873 ὥραν
543 2828 628 2855 om.
648 2814 701 2856 B.

212 2906 306 2949 193,
327 2905 397 2936 21.
421 2893 552 2934 κλῖναι
577 2886 741 2933 ἐνταῦθα
775 2887 815 2934 δὲ
850 2886 1015 2950 ’ἔρχεσθε
1047 2887 1114 2935 καὶ
1145 2887 1327 2946 &Pedem
1359 2887 1403 2936 τό
1427 2889 1495 2936 οὐκ
1518 2888 1603 2951 ’ἔχει

141 2984 215 3011 που
237 2964 308 3021 τὴν
325 2964 509 3025 κεφαλὴν
531 2969 663 3012 κλῖναι
687 2985 725 3011 τ.
749 2985 798 3025 μ..
824 2963 876 3010 ι’ὃ.

841 3053 920 3095 31(

1619 667 1640 707 5

1623 1060 1672 1086 10

1625 1444 1668 1482 ¹5

1622 1831 1671 1856 20

1621 2219 1666 2257 25

1615 2605 1671 2642 30

1619 2985 1667 3024 35
