1864 3398
281 246 361 282 424
598 245 1047 284 SUPPLEMENTUM
1075 247 1144 283 ET
1173 245 1294 284 VAR.
1324 244 1474 283 LECT.

350 360 421 410 80,
441 359 481 399 8.
517 353 737 399 διδάσκαλε
762 351 911 413 ἴδομεν.

351 436 420 485 80,
444 448 510 476 11.
544 434 682 489 μαθεῖν
706 429 741 476 ει’
765 427 832 475 καὶ
857 430 916 476 ἔτ.
1053 447 1122 478 20.
1157 429 1279 476 κάκεῖ
1294 429 1440 492 ἀπερχ.

350 512 421 562 80,
440 524 508 555 21.
545 505 732 570 ἔστῆρισε
769 504 814 552 το
850 527 965 569 προσ.
990 506 1080 553 αὐτ.
1104 512 1173 553 τοῦ
1206 505 1436 570 πορεύεσθαι
1473 505 1529 558 εἷς
1550 505 1747 568 Ἰερουσα-

282 585 383 646 λήμ.
523 601 592 632 22.
625 583 712 630 ἒκπ.
739 583 779 630 δὲ
802 581 873 646 προ
898 604 1013 646 προσ.
1149 602 1219 644 30.
1254 581 1531 630 ἀποὸιῶκωσιν.

352 666 420 717 80,
439 679 509 722 32.
545 660 657 707 ἀλλὰ
682 667 765 713 τοῖς
788 660 914 721 ε’μοῖς.
1755 675 1776 713 5

352 744 421 793 81,
447 757 487 799 9.
521 737 616 802 πρὸς
637 734 787 784 Ἠλιάν
809 737 886 797 ἀφ.
1026 752 1092 796 17.
1117 741 1524 801 προσανακοινοῦσθαι.

352 821 424 871 81,
446 833 512 875 19.
549 813 705 862 σκοπόν.
843 832 911 862 20.
946 820 1067 878 χεῖρα
1089 814 1210 861 αὐτοῦ
1233 835 1271 861 κ.
1297 813 1472 870 βλέπων.

353 899 422 948 81,
441 910 511 954 30.
548 892 661 947 ε’πιβ.
685 891 758 952 μὲν
780 891 873 952 γάρ.

354 975 424 1025 82,
443 988 484 1030 3.
520 968 722 1020 ἐθέλοντας
753 973 810 1031 τῷ
841 972 894 1013 Θ.
919 966 996 1029 οὔχ
1025 970 1161 1020 ἁπλῶς
1189 967 1230 1014 δὲ
1264 967 1451 1021 ἀνέδειξεν
1474 968 1492 1013 ὅ
1516 965 1658 1029 Κῦριος
1682 964 1750 1013 καὶ

286 1046 441 1110 ἑτέρους
462 1045 753 1106 ἑβδομήκοντα,
769 1043 835 1091 καὶ
853 1044 1090 1092 ἀπέστειλεν
1107 1044 1249 1096 αὖτοὺς
1266 1044 1340 1091 ἀνὰ
1363 1044 1426 1091 δύο
1451 1043 1515 1091 δύο
1537 1042 1608 1107 πρὸ
1628 1064 1752 1106 προσ-
1771 1061 1815 1087 ιο

287 1123 391 1171 ὧπου
408 1125 527 1171 αὐτοῦ
546 1123 603 1175 εἷς
624 1131 759 1169 πᾶσαν
781 1120 896 1169 πόλιν
919 1121 986 1169 καὶ
1008 1120 1122 1169 τὸπον
1146 1121 1188 1169 οἷ
1211 1120 1330 1174 αὐτὸς
1354 1120 1524 1182 ’ἔμελλεν
1547 1119 1750 1182 ἔρχεσθαι.

286 1199 382 1247 ἀλλ’
407 1198 544 1257 ε’πείδη
577 1220 615 1246 κ.
640 1221 678 1246 τ.
703 1210 744 1246 λ.
778 1208 829 1245 ut
863 1203 909 1244 in
947 1203 1047 1246 Seh.
1085 1203 1202 1258 quod
1238 1202 1399 1259 Cyrillo
1433 1201 1533 1244 trib.
1557 1201 1683 1243 Nost.
1707 1215 1751 1256 p.

289 1282 360 1334 82,
380 1294 448 1334 24.

357 1359 427 1410 82,
448 1371 517 1415 29.
553 1352 623 1406 ἕως
646 1354 705 1415 μὴ
727 1374 822 1415 μετ.

357 1435 426 1489 84,
447 1447 516 1491 29.
555 1452 589 1477 r.
613 1427 860 1490 θεοσημεῖας.
1769 1443 1815 1493 15

358 1513 383 1554 8
385 1521 428 1568 5,
455 1525 522 1556 21.
548 1505 762 1562 λαβόντες.
900 1524 967 1567 23.
1003 1506 1240 1564 κτήσωνται.
1379 1511 1447 1555 28.
1471 1507 1578 1552 κάτω
1602 1503 1754 1551 πίπτει.

359 1590 430 1644 85,
449 1601 520 1645 32.
556 1583 738 1629 Tom'vrnN.

361 1666 430 1716 86,
454 1665 525 1709 28.
559 1659 880 1707 ΠΗΛοΤΣιόΤοΤ
902 1657 1180 1706 'Emz'roAfiz
1202 1658 1337 1724 Ιαλνέ.
1371 1660 1424 1706 ‘O
1442 1656 1597 1720 νομικὸς
1619 1668 1756 1706 κ.τ.λ.

361 1744 430 1794 86,
450 1754 518 1798 29.
554 1734 619 1783 τὸν
642 1735 788 1783 δίκαιον
810 1758 849 1782 τ.
874 1735 940 1793 ὗψ.

361 1820 430 1874 87,
455 1828 497 1875 5.
532 1813 638 1876 λέγω
663 1812 722 1860 ἔτι
747 1813 825 1860 οὐδ.
849 1832 951 1859 mox
974 1813 1210 1876 διενήνοχας.
1772 1835 1820 1862 20

362 1897 432 1951 87,
453 1897 492 1938 8.
527 1890 605 1937 δεὸ.
629 1891 721 1954 γάρ·
759 1888 810 1936 σὺ
835 1889 1059 1937 σπούδασον
1080 1888 1105 1948 ἢ
1131 1895 1182 1954 τῇ
1206 1890 1292 1937 οὖσ.

364 1974 435 2028 87,
458 1983 524 2028 17.
562 1967 694 2014 Εἰπὼν
718 1969 736 2014 ὅ
759 1965 956 2025 δεσπότης
979 1965 1160 2030 Χριστος
1184 1965 1242 2013 ὅτι
1267 1966 1456 2029 ἅνθρωπος
1479 1989 1556 2022 τις,
1580 1988 1619 2014 κ.
1635 1989 1673 2014 τ.
1693 1977 1735 2013 λ.

364 2051 433 2101 88,
457 2064 494 2091 1.
530 2046 548 2091 ὅ
570 2043 684 2106 νόμος
708 2044 796 2091 ἔστ.
821 2044 956 2107 εἶσηγ.
1096 2049 1162 2090 18.
1197 2043 1287 2108 παρ’
1312 2041 1369 2096 οἷς
1392 2065 1430 2091 κ.
1454 2065 1546 2091 κατ.

365 2128 436 2179 88,
458 2141 524 2183 19.
559 2128 719 2184 τροπῆς.
855 2140 924 2182 31.
960 2121 1203 2182 ἀκούσωμεν.
1339 2138 1410 2182 32.
1445 2121 1649 2182 ἀκούομεν.

365 2206 436 2257 88,
454 2214 525 2261 35.
560 2196 746 2261 μείζονος.
1776 2218 1822 2257 25

366 2282 437 2338 89,
454 2295 496 2334 4.
530 2276 732 2328 πάνδοκος.
870 2290 939 2334 27.
974 2275 1197 2322 πέπλεκται
1219 2294 1319 2321 111οΧ
1343 2297 1381 2321 τ.
1403 2286 1476 2322 πλ.
1499 2271 1738 2336 ἠγαπηκότι.

367 2360 438 2415 89,
456 2371 525 2414 32.
560 2356 922 2415 παρακαθεσθεῖσα.

367 2449 439 2492 90,
457 2449 498 2491 3.
533 2434 734 2491 περιττοῖς
757 2433 826 2491 βρ.
964 2433 1004 2473 6.
1028 2425 1176 2491 θεωρία.
1315 2432 1354 2474 8.
1381 2429 1655 2489 σκοπῆσωμεν.

368 2525 438 2568 90,
457 2526 498 2568 9.
534 2504 812 2567 εἰσαγομένας.
952 2522 1019 2564 13.
1044 2525 1084 2549 τ.
1107 2525 1193 2550 καν.
1217 2504 1395 2560 λαβέτω.

369 2603 440 2646 90,
460 2588 529 2632 28.
555 2581 630 2634 τὰς
651 2582 893 2644 προσευχάς.
1028 2598 1101 2640 34.
1126 2582 1292 2633 πάντως.
1774 2601 1827 2639 30

370 2680 438 2723 91,
459 2678 498 2708 2.
524 2657 778 2721 ἐμμείνωμεν.

370 2756 442 2799 91,
458 2755 502 2795 4.
539 2737 758 2783 ἐπιτάττει·
795 2733 863 2782 καὶ
888 2734 954 2782 διὰ
975 2739 1045 2781 τοῦ
1067 2733 1215 2798 κρούειν
1237 2735 1307 2792 τὴν
1328 2732 1512 2797 ὄχλησιν.

371 2834 442 2878 91,
465 2833 532 2860 10.
567 2812 840 2874 μεσονυκτίου.
925 2829 993 2860 12.
1016 2809 1346 2874 προστρεχὸντων.
1433 2829 1499 2872 13.
1523 2812 1542 2857 ὅ
1564 2814 1617 2857 Θ.
1643 2810 1764 2858 ἔστιν.

371 2910 443 2953 91,
463 2906 531 2950 27.
567 2890 920 2948 ἀνακληθῆσονται.
1057 2893 1125 2936 28.
1149 2886 1235 2948 μεθ’
1261 2886 1467 2949 ὑπομονῆς.

377 2986 473 3024 100,
496 2973 561 3013 16.
598 2967 826 3013 καταλιπὼν
848 2965 986 3012 αι’τεῖν.
1058 2981 1126 3013 20.
1149 2986 1188 3011 τ.
1211 2963 1301 3012 αὖτ.
1326 2963 1690 3027 μεγαλοπρεπείας.
1778 2987 1826 3025 35
