1864 3398
256 239 337 276 444
556 238 1001 277 SUPPLEMENTUM
1027 238 1099 277 ET
1128 239 1244 277 VAR.
1272 239 1424 277 LECT.

323 353 423 410 336,
444 366 483 397 2.
519 345 622 404 ἦσαν
645 347 793 396 ἐκεῖνοι.
861 366 903 405 4.
927 346 1055 404 ἔνιψεν
1077 346 1211 401 αὐτός.
1285 365 1352 397 12.
1377 346 1422 395 τὸ
1446 347 1488 395 δὲ
1509 345 1586 394 ἀπὸ
1604 369 1643 395 τ.
1663 352 1718 394 Θ.

324 431 422 487 336,
445 431 511 470 18.
545 429 844 482 κατακλιθῆναι.

323 516 422 563 337,
449 519 519 562 30.
556 499 711 563 ἔτρεμε,
736 500 780 547 ‘rb
803 501 863 563 μὴ
886 501 1169 564 διασχισθῆναι
1193 500 1329 558 αὑτοῦ,
1353 523 1393 548 τ.
1417 508 1466 560 φ.

323 593 423 639 337,
448 595 518 639 32.
555 576 593 624 ἔν
615 582 666 642 τῇ
690 598 817 641 συγχ.
844 585 922 637 σφ.
947 577 1088 640 λέγων.

323 660 424 716 338,
447 672 512 715 13.
547 654 628 701 Ἐκ
655 660 724 701 τοῦ
748 654 830 701 καθ’
855 657 965 716 ἡμᾶς
988 655 1028 702 δὲ
1052 676 1117 718 πρ.
1143 656 1280 710 λαβὼν
1304 653 1348 701 τὸ
1370 653 1629 718 παράδειγμα
1659 657 1754 703 sies

257 736 310 777 Β.
335 736 409 791 qui
432 737 525 777 haec
547 735 679 791 igitur
702 735 858 793 Chrys.
882 751 974 778 esse
997 751 1076 778 nos
1099 737 1236 778 docet.

322 814 421 870 338,
445 814 510 855 18.
547 808 653 870 λέγω
676 808 737 866 δῆ.
953 827 1023 857 21.
1058 813 1289 871 προσενεχθ.

322 905 420 947 339,
445 901 487 946 5.
521 885 674 932 πάθοιέν
697 907 774 938 τις.
939 891 1006 932 16.
1041 883 1086 931 τδ
1110 885 1194 932 δολ.
1219 883 1286 932 καὶ
1310 883 1377 932 ὖπ.
1400 903 1485 932 om.
1510 889 1564 930 B.

322 981 421 1025 340,
445 981 513 1024 30.
551 963 614 1009 δύο
639 984 700 1025 τρ.
725 962 882 1015 αὐτούς.
1018 980 1089 1024 31.
1124 967 1180 1027 τῷ
1203 961 1294 1026 παρ’
1320 963 1472 1009 ἑαυτοῦ.

323 1059 422 1102 340,
447 1059 517 1102 33.
553 1063 592 1087 τ.
617 1038 707 1103 παρ’
733 1039 883 1102 ἑτέρων.
1737 1045 1787 1072 ¹⁰

321 1136 422 1179 341,
447 1136 490 1178 9.
526 1117 643 1180 οἷπερ.
669 1136 755 1164 om.
782 1121 837 1164 B.

321 1213 422 1256 341,
448 1210 515 1254 17.
551 1215 736 1258 προτρεπ.
775 1192 980 1240 πολιτείαν
1010 1192 1178 1257 ἀρίστην
1207 1193 1399 1255 μετιέναι·
1449 1192 1496 1240 δι’
1533 1190 1582 1250 ἧς
1616 1189 1723 1255 ’γινό-

252 1293 368 1334 μενος
400 1270 739 1334 διορατικῶτατος,
765 1269 895 1334 ὥσπερ
931 1268 1052 1323 αὗτός
1086 1271 1194 1334 παρὰ
1229 1269 1320 1323 τοὺς
1356 1269 1516 1323 λοιποὺς
1550 1269 1741 1333 ὑπῆρχεν·

253 1349 454 1411 μαθητὰς,
492 1347 663 1407 πλησίον
703 1347 820 1395 ἐ’σται
862 1351 979 1404 Θεοῦ,
1019 1345 1136 1394 αὐτὸν
1177 1348 1264 1411 ὅρῶν
1293 1345 1356 1393 ἀεὶ
1390 1346 1440 1399 ὥς
1470 1344 1637 1410 καθαρὸς
1669 1351 1722 1411 τῇ

254 1423 396 1490 καρδίᾳ
420 1424 638 1488 γενόμενος·
675 1429 838 1490 προσεθ.
1738 1424 1784 1466 ¹5

322 1520 423 1564 341,
446 1517 517 1562 27.
554 1504 756 1561 κατηφής.
896 1520 964 1563 29.
999 1522 1040 1549 κ.
1066 1500 1135 1554 ἕως
1157 1522 1204 1562 μ.
1229 1499 1274 1559 ἦν
1296 1505 1365 1548 τοῦ
1386 1505 1519 1563 χοροῦ.

321 1598 421 1641 341,
446 1598 515 1641 32.
553 1576 657 1626 εἶπεν
681 1579 773 1625 αὗτ.
799 1581 817 1626 o‘
841 1578 1036 1643 Χριστός.
1075 1577 1133 1625 ἔτι
1156 1577 1176 1625 ὃ
1200 1599 1243 1626 π.
1345 1596 1415 1639 34.
1438 1576 1687 1641 ἀδιορθῶτως.

321 1674 420 1717 342,
441 1662 482 1701 6.
516 1655 595 1718 γὰρ
619 1653 825 1703 ἂνάὖτόν.

321 1751 419 1794 343,
444 1750 509 1779 11.
544 1730 714 1790 Ἐπειδὴ
739 1732 780 1779 δὲ
803 1738 896 1779 haee
921 1736 1076 1793 Chrys.
1101 1738 1175 1779 dat
1198 1736 1305 1779 cod.
1331 1737 1384 1779 Β.

321 1828 420 1871 343,
446 1815 511 1855 16.
548 1809 828 1873 διερράγησαν.
953 1815 1018 1856 18.
1043 1809 1209 1873 μακρός.
1313 1827 1381 1857 21.
1405 1806 1523 1855 αὖτόν
1545 1807 1654 1855 ἀνεκ.
1737 1821 1788 1848 20

322 1905 423 1948 343,
449 1905 517 1947 29.
553 1892 748 1949 προεῖπεν.

323 1982 421 2024 344,
445 1981 482 2011 1.
518 1962 622 2015 εἷκός
645 1961 690 2020 ἦν
713 1969 845 2010 ταῦτα
867 1962 1094 2015 ἀκούοντας.
1231 1980 1300 2021 24.
1337 1961 1485 2025 ἔπαγγ.

323 2058 421 2101 344,
445 2055 513 2099 25.
548 2037 636 2101 πρὶν
659 2039 867 2104 ἀλεκτῶρα
889 2046 1084 2100 φωνῆσαι.
1222 2046 1294 2089 26.
1318 2039 1442 2103 ἀωρῖα
1463 2040 1556 2103 γάρ.

324 2132 423 2178 345,
448 2134 514 2177 13.
551 2115 616 2162 δεῖ
631 2115 685 2162 τὰ
709 2117 740 2162 δ.
883 2132 948 2176 17.
984 2139 1022 2163 τ.
1050 2116 1145 2164 ἔλπ.
1170 2117 1308 2179 λέγων.

323 2207 422 2253 345,
447 2211 512 2253 19.
548 2193 567 2238 ὅ
589 2190 706 2255 χορὸς
731 2192 872 2245 ἐκεῖνος
895 2193 1063 2248 δέξεται.
1099 2193 1265 2254 ἀφθονία
1287 2195 1381 2257 γάρ.
1469 2211 1539 2243 20.
1564 2192 1658 2256 ὑπὲρ
1682 2215 1722 2241 τ.
1738 2207 1787 2249 25

325 2283 425 2330 345,
445 2287 518 2318 20.
553 2269 767 2326 τοσαύτην.
904 2288 974 2331 31.
1010 2270 1214 2328 δεήσεσθε.
1349 2288 1419 2332 32.
1443 2269 1533 2333 παρ’
1559 2268 1663 2331 ἐμοί.

325 2351 426 2408 346,
446 2352 486 2393 8.
522 2344 734 2408 ε’γνῶκατε.
876 2364 941 2392 10.
977 2368 1015 2393 κ.
1040 2348 1110 2404 τὴν
1132 2369 1170 2393 τ.
1197 2352 1257 2394 Π.
1397 2366 1462 2405 14.
1498 2345 1542 2404 ἦν
1565 2346 1644 2393 δυν.

325 2429 423 2484 346,
448 2428 513 2469 18.
549 2427 783 2485 προσκορῆς.
920 2441 991 2471 21.
1029 2421 1240 2484 ἐγκόπτων.

326 2506 425 2561 346,
447 2517 470 2547 2
473 2513 515 2559 5.
550 2499 626 2551 τὰς
651 2498 909 2551 ὑποστάσεις.
1047 2506 1115 2549 28.
1151 2498 1268 2547 αὐτὸν
1291 2499 1390 2552 ἴδες.

326 2581 426 2637 348,
450 2594 520 2637 31.
556 2572 656 2623 οἶδεν
677 2575 756 2638 γὰρ
780 2575 861 2622 καί.
999 2592 1037 2636 7.
1074 2576 1115 2624 οὖ
1141 2576 1206 2624 διὰ
1235 2582 1363 2624 τοῦτο.
1735 2588 1792 2628 30

327 2671 428 2714 349,
456 2671 525 2713 23.
562 2651 836 2713 ἔκλαβᾶμεθα.
977 2667 1044 2713 25.
1081 2651 1126 2699 τὸ
1150 2652 1256 2715 ’ἔχειν
1277 2651 1403 2714 μόνον.

331 2744 430 2790 350,
454 2744 519 2788 17.
552 2726 653 2774 Ὑπὸ
678 2727 831 2780 δειλίας
860 2728 901 2775 δὲ
932 2735 1086 2787 πολλῆς
1117 2731 1136 2776 ὅ
1166 2728 1404 2782 Ἀπόστολος
1432 2729 1582 2783 Ἰούδας
1609 2750 1724 2794 κρατ.

263 2815 365 2853 sunt
387 2810 480 2851 haec
505 2809 663 2866 Chrys.

329 2896 429 2943 350,
456 2888 526 2931 26.
550 2881 693 2928 τούτων
714 2903 764 2943 μ.
785 2903 903 2930 πιστ.
927 2888 1000 2929 τῶν
1022 2881 1160 2945 λόγων.
1264 2897 1334 2944 35.
1356 2903 1399 2929 π.
1421 2904 1475 2945 με
1499 2881 1679 2947 Πατρός.

330 2971 430 3020 351,
455 2973 525 3019 25.
562 2957 807 3005 διδασκαλία
831 2957 901 3019 ὖμ..
1736 2973 1787 3012 35
