1864 3398
436 223 513 261 AD
540 223 655 262 cAT.
685 222 747 261 IN
774 223 974 262 EVANG.
1004 222 1042 260 S.
1068 221 1245 261 LUCAE.
1502 222 1577 260 421
1600 246 1602 248 v

184 337 252 388 26,
276 349 314 378 1.
350 330 421 379 οὖκ
449 331 621 395 ἅσαρκον
642 333 713 377 ἀλ.
737 329 1036 393 σεσαρκωμένον
1058 330 1116 382 εἷς
1138 328 1204 376 τὸν
1226 333 1283 376 Θ.
1307 327 1449 392 Λόγον.

184 414 251 464 26,
276 427 319 470 3.
354 407 421 455 διὰ
453 430 493 454 τ.
527 405 617 471 περὶ
647 430 685 455 τ.
717 429 755 454 κ.
790 428 908 470 σαρκ.
932 428 1001 471 χρ.
1025 428 1056 454 ν.
1084 412 1216 454 ταῦτα
1239 428 1344 469 σωμ.
1366 427 1411 470 γ.
1434 406 1520 465 ἦυξ.
1546 427 1584 452 κ.

115 487 196 550 ε’κρ.
220 506 306 533 om.
332 491 385 533 B.

183 571 254 621 26,
270 583 314 624 4.
351 564 611 626 συνηδομένων
632 583 719 611 om.
745 567 859 610 Edd.
997 568 1037 609 8.
1073 561 1268 625 ε’πηρῶτα.

183 648 252 698 26,
276 660 348 704 34.
381 637 463 706 ἆρα
484 641 526 688 δὲ
548 641 607 702 μὴ
630 639 704 687 ἔτι.
1594 659 1617 701 5

182 735 252 780 27,
269 738 313 778 4.
347 719 397 772 ὧς
417 729 592 766 πεπλαν.
727 732 770 779 5.
805 717 967 779 μηδέπω
990 717 1046 764 δέ.
1183 722 1226 762 6.
1261 716 1437 782 ἀποστῇ.

183 813 254 857 27,
276 815 342 846 12.
367 794 476 844 ἔστιν
499 797 518 842 ὅ
541 800 612 843 τοῦ
634 800 724 842 ναοῦ
747 795 782 842 ὃ.
922 799 989 840 18.
1014 793 1333 841 ὖποτάσσωνται.

183 890 254 934 27,
279 892 350 935 23.
386 873 480 936 ὑπὲρ
503 872 704 935 ἄνθρωπον.
842 877 911 920 26.
946 871 994 924 ὧς
1018 870 1127 934 παρὰ
1150 877 1331 923 πολλοῖς.

183 966 254 1011 27,
274 957 345 1000 28.
381 951 674 1013 συμπροσάγων
695 954 751 1013 τῷ
773 947 911 1013 χρόνῳ.
1050 966 1117 1009 29.
1153 947 1224 1005 τὴν
1247 947 1397 1009 ε’κλαμ.

182 1034 254 1085 28,
275 1048 318 1090 3.
354 1028 396 1083 ἐξ
417 1027 558 1075 Ἰούδα.
676 1045 718 1085 4.
742 1026 866 1087 Ῥωμ.
891 1026 964 1087 μὲν
987 1027 1007 1072 ὅ
1030 1030 1233 1077 Πιλᾶτος.
1283 1022 1585 1072 Ἀσκαλωνίτου.
1601 1049 1650 1077 10

183 1111 253 1162 28,
273 1112 315 1153 6.
338 1106 375 1153 οἶ
390 1106 432 1161 ἔξ
446 1105 589 1152 Ἰούδα.
663 1123 728 1162 14.
752 1127 791 1151 τ.
811 1104 955 1167 ἐρήμου
971 1126 1019 1163 μ.
1038 1103 1148 1165 ιἤπερ.
1225 1117 1291 1163 15.
1315 1101 1360 1148 ἔκ
1377 1107 1586 1164 περισσοῦ.

184 1189 255 1239 28,
274 1198 340 1242 17.
366 1187 548 1245 Χριστοῦ
571 1186 703 1237 βαπτ.
792 1185 857 1227 18.
883 1180 919 1228 εἶ
941 1179 1011 1226 καὶ
1033 1178 1131 1227 adr&
1153 1180 1240 1240 μέν.
1333 1198 1400 1241 19.
1423 1178 1583 1231 ἀτελές.

184 1266 254 1315 28,
275 1278 344 1309 21.
376 1259 434 1312 εἷς
456 1260 680 1320 μετάνοιαν.
773 1276 842 1319 23.
867 1258 909 1305 οὗ
932 1256 1068 1320 λόγος.
1152 1275 1221 1314 24.
1244 1258 1471 1320 προέλαβεν
1491 1257 1586 1320 γάρ.

183 1343 255 1396 28,
276 1342 345 1386 28.
364 1335 497 1400 αὐτὲις
520 1336 576 1382 ὃὸ.
701 1353 772 1396 30.
798 1337 920 1382 ἀντιθ.
944 1356 1048 1388 τινος
1069 1335 1232 1396 ἀμφιβ.
1256 1334 1396 1398 ἀποκρ.

184 1420 253 1469 28,
271 1432 343 1475 32.
367 1414 430 1460 ἄν.
459 1413 585 1466 ἅντις.
721 1431 792 1474 33.
828 1411 1050 1467 δύσβατος.
1603 1434 1649 1476 ¹5

184 1509 253 1553 29,
277 1509 315 1538 1.
349 1495 610 1554 κατορθῶσαι.
711 1508 753 1549 4.
775 1488 871 1553 πρὸς
894 1488 1090 1545 ἔξῖσωσιν.
1197 1507 1267 1550 13.
1291 1487 1552 1547 κατηύνασεν.

184 1587 252 1630 29,
276 1587 347 1631 31.
381 1569 621 1630 ποιήσωμεν.

182 1665 255 1708 30,
279 1665 350 1708 33.
387 1645 684 1707 βαπτίσματος
706 1644 842 1693 αὖτοῧ.

179 1718 252 1785 31,
277 1742 318 1785 9.
353 1723 402 1776 ὧς
427 1722 568 1771 τελεία
590 1721 706 1771 οῧσα.
809 1739 876 1768 11.
909 1723 935 1779 ἦ
958 1741 1021 1767 πν.
1044 1719 1316 1783 ἀναγέννησις.

183 1819 255 1863 31,
277 1820 344 1863 13.
370 1801 616 1862 ἐλάμβανεν.
722 1814 789 1861 15.
813 1798 1008 1858 διαφωνία
1029 1818 1095 1849 τις
1118 1793 1215 1843 εἶναι
1241 1797 1353 1844 δοκεῖ
1373 1794 1463 1861 περὶ
1485 1819 1528 1845 τ.
1600 1823 1650 1851 20

185 1897 258 1940 31,
280 1894 348 1938 17.
371 1883 555 1925 Ματθᾶν·
591 1875 657 1924 τον
691 1877 733 1924 δὲ
767 1882 923 1923 Λουκᾶν
952 1871 1030 1920 ἆπό
1053 1878 1123 1920 τοῦ
1146 1874 1299 1930 Νάθαν,
1323 1872 1393 1921 καὶ
1426 1875 1588 1934 φθάνειν

117 1957 174 2009 εἷς
197 1953 262 2003 τόν
284 1960 456 2003 Ματθᾶν
490 1953 558 2002 καὶ
579 1952 682 2001 ‘Hm
706 1953 774 2001 καὶ
796 1953 963 2012 Ἰωσήφ·
998 1949 1068 1999 καὶ
1090 1950 1387 2012 ἀναμφιβόλως
1411 1951 1469 1999 ἔκ.
1493 1951 1587 2000 αύτ.

117 2033 247 2096 ἕτερον
269 2032 337 2080 καὶ
360 2033 487 2096 ἕτερον
509 2031 750 2095 καταλέγειν
771 2030 898 2093 γένος.
1037 2047 1107 2077 21.
1142 2030 1462 2090 κατανοήσωμεν.

183 2130 255 2173 31,
281 2130 350 2173 23.
385 2112 613 2158 ὅΜατθάν.
752 2122 823 2169 25.
858 2107 1003 2154 Ἐσθά.
1142 2110 1209 2154 28.
1245 2104 1452 2163 ὅἸακῶβ.

183 2207 255 2250 31,
281 2207 350 2250 29.
386 2192 553 2239 Ἐσθᾶς.
583 2185 832 2249 ἀγαγομένου
855 2184 898 2232 δὲ
921 2189 990 2231 τοῦ
1011 2181 1114 2230 Ἠλὶ
1136 2189 1319 2246 γυναῖκα.
1602 2208 1648 2250 25

184 2284 254 2326 31,
279 2284 349 2327 31.
383 2266 684 2322 παιδοποιῆσων.

184 2360 256 2404 32,
282 2361 322 2391 2.
356 2341 473 2389 ‘HM'
510 2344 764 2393 ὅΜατθαῒος
791 2337 854 2387 οῧν
888 2338 952 2386 τὸν
985 2338 1092 2386 κατ-ἆ
1125 2336 1236 2399 νὸμον
1272 2338 1398 2400 λέγων
1432 2336 1589 2400 πατέρα

118 2423 187 2464 τοῦ
211 2417 365 2478 Ἰωσὴφ
390 2417 455 2465 τὸν
474 2417 592 2474 Ἱ-Ιλὶ,
616 2414 721 2464 εἶπεν
743 2415 810 2463 καὶ
844 2416 890 2463 τό
923 2414 1034 2478 γένος
1065 2413 1145 2461 ὅθεν
1167 2416 1187 2462 ὅ
1207 2412 1312 2460 Ἠλὶ
1344 2415 1586 2477 κατάγεται·

117 2493 383 2557 προσηκόντος
406 2495 448 2543 ’δὲ
470 2497 489 2542 ὅ
514 2495 600 2556 μέν.

185 2590 257 2632 32,
274 2586 317 2632 5.
353 2578 426 2618 τῶν
447 2572 622 2635 πατέρων
645 2571 702 2623 εἷς
725 2570 790 2617 τὸν
812 2567 956 2626 Δαβῖὃ
979 2568 1047 2616 καὶ
1070 2570 1127 2622 εἷς
1149 2570 1215 2616 τὸν
1236 2568 1384 2616 Ἰοῧὸαν
1409 2566 1455 2615 τό
1477 2567 1588 2630 γένος
1600 2585 1653 2623 3ο

119 2649 281 2696 ἄνεισιν.
314 2648 447 2706 ἐπειδὴ
469 2649 548 2712 γὰρ
570 2648 748 2696 Ἰουδαῖοι
772 2648 845 2709 μὲν
869 2646 933 2694 τὸν
957 2647 1064 2693 κατὰ
1085 2645 1197 2708 νόμον
1219 2645 1376 2709 πατέρα
1399 2644 1591 2692 ἐπίσταν-

119 2747 202 2781 ται,
226 2725 276 2778 ὥς
308 2725 526 2788 πειθόμενοι
563 2730 619 2790 τῷ
657 2723 760 2789 νόμῳ
793 2723 859 2772 τὸν
894 2722 1001 2770 κατὰ
1037 2722 1162 2782 φύσιν
1194 2721 1454 2785 γινώσκουσιν
1490 2717 1588 2768 εἶναι

119 2802 287 2866 πατέρα,
313 2802 461 2858 ἔδειξαν
483 2803 522 2850 οἷ
542 2802 743 2850 θεσπέσιοι
768 2798 1081 2863 Εύαγγελισταῖ
1105 2798 1164 2846 ὃΙτι
1189 2799 1231 2855 ἔξ
1249 2800 1407 2861 ἀμφοτ.
1430 2821 1470 2846 τ.
1489 2820 1586 2846 πατ.

188 2897 260 2940 32,
286 2885 326 2926 8.
358 2879 605 2947 περιῄρηται.

189 2960 296 3003 Cod.
316 2961 369 3004 L.
404 2957 489 3014 Τὴν
510 2953 768 3020 γενεαλογίαν
790 2954 938 3013 ταύτην
961 2956 980 3001 ὁ
1003 2953 1213 3006 θεσπέσιος
1237 2959 1395 3007 Λουκᾶς
1418 2952 1487 3001 οὖκ
1509 2951 1587 3001 ἇπό
1600 2971 1649 3012 35
