1884 3340
363 521 878 603 'MONITUM
930 520 1398 587 LECTORI.

159 819 500 886 CATENAS
534 840 584 886 in
609 839 869 902 Evangelia
901 839 949 886 S.
976 838 1119 886 Lucae
1148 846 1198 886 et
1230 839 1280 886 S.
1298 839 1496 887 Joannis
1519 839 1630 887 hac-

151 930 295 970 tenus
322 925 524 970 ineditas
548 939 610 969 ex
633 923 803 969 eodem
826 923 1004 970 Codice
1028 924 1170 971 Coisl.
1195 924 1505 987 vulgavimus,
1534 938 1628 986 quo

155 1008 205 1053 in
242 1007 437 1053 edendis
469 1006 833 1053 Commentariis
861 1007 910 1052 in
942 1008 1060 1053 duos
1091 1008 1267 1068 priores
1301 991 1630 1070 Evangelistas

156 1092 228 1136 usi
253 1106 429 1137 sumus.
498 1089 680 1136 Catena
709 1090 760 1135 in
792 1089 840 1135 S.
867 1089 1049 1136 Lucam
1072 1090 1213 1152 longe
1237 1092 1420 1138 diversa
1451 1098 1524 1138 est
1549 1091 1632 1138 illa

155 1189 299 1235 quam
332 1173 503 1219 Latine
533 1178 723 1218 tautum
755 1173 904 1218 edidit
935 1172 1187 1220 Corderius
1218 1173 1501 1236 Antverpiae
1533 1176 1629 1221 An.

158 1257 303 1309 1627.
328 1258 377 1302 in
400 1257 481 1303 fol.
552 1257 747 1304 Nostrae
778 1257 953 1303 fundus
984 1264 1070 1313 est,
1102 1264 1158 1304 ut
1188 1259 1239 1304 in
1271 1259 1408 1305 Praef.
1433 1260 1492 1306 ad
1525 1259 1630 1306 Cat.

154 1341 205 1386 in
239 1340 288 1387 S.
315 1340 495 1386 Matth.
519 1340 621 1400 jam
647 1341 825 1394 monui,
845 1340 1226 1388 Commentarius
1244 1342 1387 1404 vulgo
1405 1342 1513 1389 Tito
1537 1342 1633 1389 Bo-

157 1423 326 1470 strensi
351 1423 585 1484 Episcopo
615 1424 887 1478 attributus,
912 1424 971 1469 de
1004 1440 1096 1485 quo
1120 1424 1223 1470 fuse
1247 1426 1346 1486 egit
1372 1425 1630 1481 Fabricius,

157 1508 218 1553 de
250 1507 614 1554 Commentariis
648 1507 698 1552 in
730 1506 857 1552 NoV.
882 1506 1087 1553 Testam.
1125 1507 1356 1554 disserens
1387 1507 1514 1554 Bibl.
1548 1508 1631 1555 Gr.

158 1590 324 1639 t.VII.
343 1593 508 1652 p.778.
562 1589 651 1636 Est
673 1605 836 1635 revera
859 1595 1021 1636 autem
1041 1589 1265 1650 Epitome
1283 1595 1472 1636 tantum
1492 1591 1634 1637 Com-

151 1675 390 1728 mentarii,
405 1689 467 1719 ex
484 1673 567 1719 illo
591 1674 785 1734 antiquo
806 1673 1045 1734 Scriptore
1067 1673 1306 1734 praecipue
1325 1674 1553 1727 contexti,
1573 1674 1633 1720 ab

150 1757 326 1803 ⁴eodem
359 1771 593 1817 anonymo
611 1754 839 1809 Auctore,
863 1756 944 1815 qui
963 1755 1167 1802 Catenas
1198 1756 1248 1801 in
1273 1755 1322 1802 S.
1343 1755 1634 1802 Matthaeum

160 1845 210 1885 et
246 1839 296 1885 S.
320 1839 556 1885 Joannem
588 1854 616 1884 e
648 1838 971 1899 Chrysostomi
1005 1838 1242 1899 Operibus
1277 1839 1497 1885 confecit.
1569 1839 1635 1885 Et

160 1927 446 1968 annotarunt
481 1922 671 1983 quidem
705 1921 1018 1967 Combefisius
1052 1926 1103 1967 et
1137 1921 1229 1975 alii,
1254 1921 1413 1982 plures
1447 1926 1635 1968 exstare

160 2004 381 2065 reliquias
428 2004 601 2066 integri
643 2004 983 2050 Commentarii
1021 2004 1242 2065 Episcopi
1278 2004 1546 2051 Bostrensis
1584 2005 1636 2051 in

162 2089 356 2135 Catenis
379 2089 542 2150 Regiis
575 2087 725 2134 MSS.
759 2087 852 2149 (ap.
878 2088 1015 2134 Fabr.
1039 2104 1085 2149 p.
1102 2090 1235 2151 779.)
1307 2088 1465 2150 Hujus
1492 2104 1637 2150 gene-

161 2173 225 2219 ris
269 2177 342 2218 est
375 2176 549 2225 nostra,
574 2186 677 2231 quae
721 2170 897 2217 multas
944 2170 1193 2233 Symbolas
1227 2171 1364 2218 affert
1409 2187 1470 2218 ex
1510 2171 1635 2226 Tito,

162 2255 414 2317 pluresque
443 2255 635 2315 insuper
665 2269 726 2299 ex
759 2253 980 2315 Origene,
1005 2254 1355 2315 ChrysostomO,
1376 2254 1554 2315 Cyrillo
1585 2260 1636 2300 et

163 2338 266 2384 aliis
307 2337 542 2383 Patribus.
628 2336 679 2383 Si
720 2336 837 2382 fides
871 2342 1034 2383 autem
1078 2337 1346 2383 adhibenda
1376 2342 1450 2382 est
1486 2336 1636 2383 veteri

164 2421 353 2467 cuidam
390 2419 620 2482 Catalogo
668 2419 779 2467 MS.
820 2420 1009 2466 videtur
1044 2420 1207 2466 Titum
1247 2420 1550 2466 Bostrensem
1587 2421 1638 2465 in

165 2518 330 2549 omnes
354 2502 681 2564 Evangelistas
717 2502 1081 2548 commentarios
1115 2503 1315 2548 edidisse
1346 2503 1434 2548 sub
1465 2502 1556 2549 hoc
1579 2502 1640 2547 ti-

165 2588 284 2642 tulo,
303 2584 429 2632 Τίτου
461 2583 712 2632 Ἐπισκᾶπου
747 2590 930 2647 Βοστρῶν
964 2581 1149 2646 ἑρμηνεία
1181 2583 1238 2637 εἷς
1262 2584 1354 2636 τοὺς
1383 2583 1417 2630 δ’
1453 2582 1640 2646 Εὖαγγε-

167 2670 318 2722 λιστᾶς
333 2679 370 2715 ²².

235 2753 300 2798 Et
332 2767 454 2813 saepe
483 2752 676 2812 quidem
707 2751 926 2796 laudatur
959 2766 988 2796 a
1023 2750 1237 2797 Macario
1262 2736 1642 2812 Chrysocephalo

166 2836 217 2885 in
251 2835 432 2882 Catena
468 2835 569 2896 ejus
605 2835 666 2880 ad
702 2834 788 2879 Ev.
815 2833 864 2879 S.
890 2832 1115 2879 Matthaei
1150 2818 1268 2878 Cod.
1305 2831 1502 2879 Barocc.
1531 2830 1640 2878 166.

614 2939 634 2959 ⁸
661 2931 807 2970 Anecd.
827 2931 945 2969 Paris.
968 2938 994 2969 t.
1012 2932 1042 2968 1.
1064 2946 1099 2983 p.
1115 2943 1208 2981 393.

871 3021 895 3048 a
922 3020 944 3050 2
