1884 3340
281 229 320 270 vi
693 230 1010 272 MONITUM
1043 226 1344 273 LECTORI.

279 346 568 406 conscripsit,
588 343 701 391 licet
732 344 859 391 hunc
883 343 1138 391 Anastasio
1172 344 1435 405 imperante
1459 344 1631 390 vixisse
1662 350 1757 391 trae

279 428 362 474 dat
391 427 574 474 Suidas.
658 426 798 474 Alius
833 433 906 474 est
942 427 1194 474 Colluthus
1229 427 1479 474 haereticus
1512 427 1757 491 presbyter

279 509 648 564 Alexandrinus,
690 511 750 556 de
790 526 884 571 quo
919 509 1150 557 Athanas.
1189 509 1332 571 Apol.
1371 526 1413 556 c.
1450 509 1615 556 Arian.
1653 516 1688 556 t.
1714 509 1756 556 Ι.

279 609 325 654 p.
346 587 457 640 134.
494 593 583 640 Ed.
616 592 734 639 Ben.
771 599 821 639 et
858 593 977 640 alius
1003 594 1166 655 junior
1189 609 1331 655 quem
1368 593 1531 640 laudat
1560 593 1759 656 Anony-

279 691 385 722 mus
416 676 604 723 Auctor
638 676 950 739 Dogmaticus
988 677 1038 723 in
1073 677 1190 724 Cod.
1226 678 1339 724 olim
1374 677 1756 732 Glaromontano,

279 766 447 821 postea
471 759 799 816 Meermanno,
819 776 946 807 nunc
971 761 1246 807 Bodleiano.
1271 760 1417 807 Auct.
1437 761 1489 807 T.
1512 764 1555 807 1.
1577 760 1621 807 6.
1646 765 1758 808 Κολ-

282 842 418 890 λοῦθου
452 848 522 890 τοῦ
556 843 757 907 αἷρετικοῦ
794 844 838 891 εἰ(
873 850 945 902 τῆς
986 842 1057 891 ὑπὸ
1096 843 1307 891 Θεοδοσίου
1338 842 1576 905 ἀπολογίας.
1647 844 1757 890 Hoc

281 942 399 987 opus
451 927 791 988 dogmaticum,
837 927 963 988 quod
1011 927 1292 988 quibusdam
1343 926 1420 973 Jo.
1459 926 1757 974 Damasceno

280 1010 565 1056 attributum
600 1016 687 1065 est,
712 1010 840 1055 idem
875 1025 976 1056 esse
1012 1010 1294 1071 conjicerem
1330 1025 1384 1055 ac
1418 1008 1537 1055 illud
1573 1010 1632 1055 de
1664 1025 1757 1070 quo

281 1092 562 1139 Anastasius
599 1093 810 1154 loquitur
847 1093 895 1138 in
931 1092 1136 1154 Hodego
1170 1108 1215 1153 p.
1243 1095 1355 1144 192.
1389 1108 1531 1153 quem
1572 1097 1758 1139 tomum

283 1175 605 1237 dogmaticum
647 1181 800 1230 vocat,
836 1181 885 1224 et
921 1191 1062 1237 quem
1104 1191 1154 1222 se
1196 1177 1514 1236 composuisse
1554 1181 1759 1223 testatur

282 1259 370 1304 sub
393 1259 585 1304 nomine
609 1258 821 1304 Flaviani
846 1258 1068 1319 Episcopi
1093 1259 1477 1320 Constantinop.⁰

350 1342 538 1388 Citatur
577 1358 735 1389 rursus
781 1343 840 1389 ab
882 1342 1136 1389 Anastasio
1176 1343 1226 1388 in
1265 1342 1470 1404 Hodego
1510 1342 1757 1390 Ammonii

283 1440 401 1485 opus
447 1431 611 1471 contra
656 1425 902 1471 Julianum
950 1425 1413 1471 Halicarnassensem
1460 1441 1505 1486 p.
1548 1424 1659 1472 266.
1707 1431 1758 1472 et

283 1525 329 1569 p.
350 1513 462 1559 278.
489 1508 596 1554 κατὰ
620 1512 919 1568 Μονοφυσιτῶν.
970 1509 1034 1555 Et
1057 1509 1157 1555 haec
1181 1510 1372 1570 quidem
1397 1510 1456 1555 de
1481 1508 1757 1565 Ammonio,

285 1592 362 1652 qui
390 1597 487 1638 tam
513 1592 786 1652 frequenter
803 1579 853 1638 et
877 1592 926 1636 in
950 1597 1110 1637 nostra
1133 1597 1182 1637 et
1206 1592 1254 1637 in
1274 1591 1558 1638 Corderiana
1577 1592 1759 1639 Catena

285 1675 471 1728 citatur,
495 1680 551 1720 ut
575 1674 713 1720 facile
737 1680 956 1720 cernatur
986 1674 1122 1719 illum
1150 1674 1430 1720 continuum
1455 1673 1758 1722 Commenta-

285 1759 404 1803 rium
432 1758 481 1803 in
506 1757 554 1803 S.
578 1757 776 1803 Joannis
801 1757 982 1818 Evang.
1008 1757 1256 1817 scripsisse.

351 1841 382 1887 J
386 1857 461 1887 am
493 1842 772 1887 adnotatum
805 1846 877 1887 est
901 1856 929 1886 a
951 1841 1061 1885 viris
1085 1840 1273 1886 Criticis
1298 1846 1480 1886 veteres
1505 1839 1759 1886 Commen-

285 1931 461 1971 tatores
485 1926 534 1970 in
558 1924 750 1970 Catenis
774 1924 833 1970 ad
865 1923 913 1970 S.
937 1923 969 1969 J
972 1939 1108 1970 oann.
1135 1924 1221 1969 Ev.
1247 1923 1553 1976 concinnatis,
1577 1922 1757 1968 nuliam

285 2008 724 2068 interpretationem
770 2007 985 2053 attulisse
1032 2007 1091 2053 ad
1131 2007 1399 2068 pericopam
1440 2007 1499 2052 de
1544 2005 1759 2052 adultera

286 2107 443 2137 coram
477 2091 720 2136 Salvatore
751 2095 911 2136 nostro
943 2089 1162 2143 adducta,
1182 2089 1264 2135 sed
1297 2103 1460 2134 omnes
1495 2103 1600 2134 eam
1626 2089 1758 2149 quasi

286 2174 473 2220 silentio
507 2174 796 2234 praeteriisse,
824 2173 951 2218 unde
979 2187 1074 2217 non
1098 2171 1203 2217 leve
1227 2176 1561 2233 argumentum
1587 2170 1757 2216 deduci

285 2258 525 2302 videretur
553 2261 717 2301 contra
747 2256 1044 2301 authentiam
1080 2255 1181 2315 ejus
1216 2255 1459 2315 pericopae.
1519 2253 1642 2299 Cum
1676 2269 1759 2299 au-

286 2345 386 2384 tem
411 2353 585 2392 omnes,
605 2343 660 2383 ut
683 2337 800 2382 mihi
825 2338 1026 2390 videtur,
1052 2336 1257 2390 Catenae,
1283 2337 1341 2381 ad
1368 2335 1416 2381 S.
1434 2335 1757 2396 Chrysostomi

286 2421 723 2481 interpretationem
765 2419 1132 2466 accommodatae
1173 2423 1282 2464 sunt
1316 2423 1372 2464 ut
1410 2433 1573 2463 earum
1610 2417 1756 2471 basin,

280 2505 334 2550 id
369 2508 701 2565 argumentum
734 2518 830 2547 non
864 2502 990 2547 ultra
1023 2501 1149 2547 illius
1182 2500 1335 2547 Patris
1371 2500 1625 2554 silentium,
1645 2499 1759 2545 licet

282 2587 376 2632 ‘hoc
406 2602 548 2648 grave
579 2587 653 2640 sit,
678 2586 950 2639 extendere,
975 2600 1167 2645 aequum
1198 2599 1299 2630 esse
1329 2584 1528 2629 videtur.
1598 2582 1758 2644 Magis

288 2686 347 2715 ex
377 2685 426 2716 re
450 2670 584 2723 foret,
611 2668 980 2715 Scholiasta-rum
1004 2681 1359 2728 anonymorum,
1385 2665 1466 2726 qui
1489 2669 1654 2711 notata
1676 2679 1760 2710 ex-

282 2850 284 2854 ,
343 2820 360 2840 c
389 2812 516 2849 Multa
547 2825 590 2849 ex
625 2812 696 2849 hoc
730 2824 844 2863 opere
872 2811 1035 2862 vulgavit
1061 2810 1160 2861 Ang.
1184 2809 1310 2848 Maius
1344 2822 1365 2847 e
1398 2808 1541 2847 Codice
1572 2807 1758 2847 Vaticano

290 2884 318 2914 t,
340 2876 428 2912 VII.
457 2889 492 2925 p.
520 2887 605 2924 ¹73·
638 2876 702 2913 sed
733 2875 990 2927 praestantiora
1023 2882 1061 2912 et
1091 2874 1293 2926 integriora
1321 2887 1366 2912 ea
1393 2873 1604 2912 exhibenda
1632 2882 1759 2912 essent

289 2953 309 2978 e
329 2940 422 2977 Cod.
444 2939 755 2985 Claromontano,
776 2940 840 2991 qui
862 2953 963 2978 nunc
982 2939 1086 2978 Bibl.
1107 2948 1218 2978 ornat.
1238 2938 1499 2977 Bodleianam.
