1864 3398
426 224 500 262 AD
529 224 646 262 cAT.
675 224 735 262 IN
764 223 968 264 EVANG.
998 224 1036 262 S.
1062 224 1238 264 LUcAE.
1494 222 1574 267 427

101 334 210 392 κρινῆ
233 330 481 392 συμπάθειαν
502 334 641 396 χάριτι
660 336 765 379 Θεοῦ
787 329 1041 393 κτησώμεθα·
1077 329 1147 378 καὶ
1167 331 1247 396 γὰρ
1271 331 1315 380 οὖ
1337 329 1386 379 δι’
1405 329 1571 383 ἐκείνους

99 403 240 467 μόνους
271 407 326 454 τὰ
360 407 398 455 ἔν
431 414 516 461 τοῖς
545 406 676 471 ἁγίοις
712 407 983 471 Εὖαγγελιόις
1007 408 1245 472 ἐγράφησαν
1276 407 1390 456 ἀλλὰ
1413 405 1481 455 καὶ
1505 407 1572 454 διὰ

99 480 193 535 τοὺς
226 483 334 531 κατὰ
366 485 504 548 γενεὰν
537 483 606 532 καὶ
635 484 774 547 γενεὰν
808 484 1037 549 ἀνθρώπους.
1106 485 1229 532 Περὶ
1267 482 1327 532 ἔκ
1364 479 1507 532 κῖπεΝ
1546 483 1572 531 ὁ

102 559 283 607 ΚίῬιοΣ.
318 582 356 608 κ.
379 583 421 609 τ.
447 573 489 611 λ.

172 655 268 696 124,
288 657 329 699 9.
364 638 496 702 λόγος.
570 658 636 688 10.
660 645 846 688 νοσοῦντα
867 660 1001 702 πτωχ.
1074 657 1141 686 11.
1165 639 1215 693 ὧς
1239 639 1275 687 εἶ
1296 640 1607 704 παράδειγμα.5

172 732 268 772 124,
291 734 357 765 12.
393 728 539 780 λεγομ.
563 717 748 775 δήλωσιν.
821 735 889 778 13.
913 737 1021 763 τισιν
1043 714 1118 775 ἤδη
1140 717 1227 764 ἀντ.
1302 723 1368 763 16.
1394 715 1459 764 ε’πὶ
1481 723 1572 781 γῆς.

172 810 269 851 124,
292 800 358 841 18.
392 794 575 858 ἀφύκτῳ.
668 811 738 842 22.
762 794 1077 852 ἆκαταλῆκτοις.
1164 799 1234 842 26.
1256 794 1367 856 παρὰ
1387 793 1455 841 τὸν
1476 804 1573 841 πυλ.

180 890 277 932 124,
295 890 366 933 31.
401 869 685 927 ἀποξαίνοντες.
788 889 860 933 32.
885 867 947 918 ἵνα
970 890 1008 917 κ.
1035 869 1074 917 ἔν
1095 891 1135 917 τ.

172 965 269 1012 125,
292 968 330 996 1.
353 948 696 1006 ἀπεδυσπέτησεν.
772 962 813 1008 7.
838 946 1135 1011 κατωρυγμένη.
1219 951 1260 994 8.
1283 947 1414 1008 τάφον
1434 953 1575 1011 περιφ.

173 1041 270 1088 125,
292 1044 359 1073 10.
390 1023 485 1087 πρὸς
508 1023 574 1071 τὸν
595 1024 659 1071 ἄδ.
1594 1040 1642 1067 10

174 1120 270 1166 125,
292 1120 360 1160 24.
396 1101 594 1165 ἦσχύνετο
627 1122 667 1149 κ.
704 1099 879 1166 ἠρυθρία,
903 1101 949 1149 ἔκ
982 1123 1021 1148 τ.
1054 1122 1149 1148 κατ.
1187 1101 1280 1148 αὖτ.
1314 1123 1382 1166 πρ.
1410 1120 1496 1149 om.
1521 1106 1576 1148 B.

103 1182 274 1245 ἐνόμιζεν
295 1180 374 1243 γὰρ
398 1178 489 1226 αὗτ.
511 1199 578 1240 μν.
602 1177 710 1243 αὖτῷ
734 1200 776 1225 π.

175 1273 274 1320 125,
291 1275 363 1319 30.
399 1255 494 1302 ἀλλ’
521 1254 579 1303 ἔτι
605 1257 624 1302 ὃ
646 1255 853 1309 πλούσιος.

175 1341 272 1390 126,
292 1351 333 1383 2.
367 1332 453 1381 οὐδὲ
477 1332 564 1396 ἔγκ.
589 1352 674 1380 om.
699 1337 753 1380 Β.
895 1350 962 1382 12.
987 1330 1118 1396 ὥσπερ
1142 1330 1220 1380 οἶν.

175 1418 273 1468 126,
295 1416 363 1458 18.
398 1431 536 1469 ποιησ.
561 1408 686 1463 ἐ’λεος.
821 1428 894 1472 33.
922 1406 1091 1458 ἵσταται
1113 1430 1272 1473 πραγμ.
1598 1424 1644 1464 15

178 1495 276 1546 126,
293 1506 366 1552 34.
401 1494 547 1551 φυγεῖν
568 1509 609 1535 τ.
634 1496 722 1534 κολ.

176 1582 274 1627 127,
294 1572 336 1614 6.
362 1564 465 1613 οὗτοι
489 1564 558 1612 ἀκ.
584 1563 709 1611 αὐτῶν
730 1584 826 1611 κατ.
965 1580 1035 1622 24.
1060 1568 1195 1610 λαλῶν
1217 1582 1307 1610 om.
1326 1568 1381 1611 B.

177 1649 275 1702 128,
299 1661 337 1691 Ι.
362 1640 505 1706 ἐκείνῳ.
576 1659 618 1690 2.
640 1641 750 1701 ἆσφ.
776 1638 840 1688 τόν
862 1638 1060 1698 δεσπότην
1082 1639 1276 1705 Χριστόν.

176 1726 275 1779 128,
298 1738 366 1771 10.
389 1726 548 1780 καταφ.
573 1720 666 1782 γάρ.
802 1736 869 1764 11.
892 1715 961 1765 καὶ
985 1716 1162 1778 ὅφείλειν
1183 1717 1320 1771 αὐτοῖς
1342 1715 1409 1765 τόν
1432 1715 1548 1765 Θεόν.

176 1804 274 1855 128,
294 1815 364 1847 21.
388 1799 407 1845 ὅ
431 1796 548 1845 δεσπ.
572 1793 690 1849 Θεός·
727 1793 797 1842 καὶ
819 1799 1005 1859 φιλανθρ.
1027 1814 1113 1842 om.
1139 1799 1193 1843 B.
1599 1811 1650 1838 20

178 1880 275 1931 128,
295 1879 364 1923 28.
388 1875 529 1921 Πάλιν
551 1895 591 1920 τ.
616 1873 649 1920 ἓ.
674 1870 755 1928 δόξ.
894 1890 964 1934 29.
994 1877 1202 1920 καθιστῶν.

179 1958 277 2008 128,
295 1970 366 2014 31.
390 1952 517 2003 καθὼς
539 1950 742 2006 ἀπόδειξις
765 1948 883 1997 ’ἔσται
909 1958 1015 2011 σαφ.
1044 1952 1070 2009 ἦ
1093 1972 1133 1998 τ.
1157 1960 1272 2014 λεπρ.

178 2035 278 2086 128,
296 2047 366 2090 33.
392 2029 600 2092 ε’λιπάρουν
622 2028 780 2075 ἄπαλλ.
803 2049 845 2074 τ.
869 2033 1007 2076 κακοῦ.
1036 2030 1100 2089 (p.
1125 2045 1221 2088 129,
1241 2033 1305 2090 2.)
1329 2028 1348 2074 ὅ
1372 2026 1416 2074 δὲ
1437 2027 1587 2087 φιλάν-

109 2111 254 2172 θρωπος
278 2105 452 2164 ἔλεήσας
476 2104 619 2158 αὐτοὺς
643 2105 795 2163 ταύτης
822 2105 1071 2164 ἀπήλλαξεν·
1108 2100 1156 2151 ὗν
1178 2104 1216 2151 οἷ
1234 2103 1310 2166 μὲν
1334 2102 1440 2150 ἐ’ννεα
1464 2102 1589 2168 ὑπῆρ-

109 2205 182 2247 χον
209 2183 406 2239 Ἰουδαῒοι,
430 2183 448 2229 ὅ
480 2181 523 2229 δὲ
558 2178 617 2235 εἷς
647 2180 923 2246 Σαμαρείτης·
959 2179 1152 2245 τυχόντες
1179 2179 1304 2228 τοίνυν
1338 2185 1412 2238 τῆς
1442 2179 1588 2234 ἰάσεως
1602 2196 1650 2237 25

112 2261 150 2309 ἓν
172 2266 228 2326 τῷ
252 2260 419 2322 ὑπάγειν
441 2258 601 2316 αὐτοὺς,
626 2260 751 2312 καθὼς
786 2257 1082 2316 ἐκελεύσθησαν
1110 2258 1168 2311 εἷς
1190 2255 1237 2304 τό
1261 2257 1392 2312 δεῖξαι
1423 2255 1590 2310 ἑαυτοὺς

111 2344 197 2391 τοῖς
219 2337 380 2402 ἱερεῦσι·
417 2336 455 2384 οἵ
479 2336 554 2398 μὲν
585 2335 691 2384 ε’ννέα
714 2335 772 2390 εἷς
793 2335 868 2398 ἀχ.
947 2353 1014 2385 12.
1049 2334 1155 2400 αὖτῷ
1188 2334 1239 2388 ὥς
1273 2339 1379 2399 Θεῷ·
1415 2331 1517 2387 ὅεῖς
1546 2333 1590 2380 δὲ

112 2413 228 2475 μόνος
251 2415 270 2460 ὅ
292 2412 517 2475 ἀλλογένης
548 2412 619 2470 τὴν
653 2410 915 2476 εὐχαριστίαν
944 2412 1201 2477 προσέφερεν·
1236 2409 1477 2474 ἑτοιμότεροι
1509 2409 1590 2473 γὰρ

115 2491 173 2544 εἷς
204 2488 344 2537 πίστιν
375 2487 480 2537 οὗτοι
503 2489 613 2553 παρὰ
639 2488 731 2542 τοὺς
762 2488 1013 2553 ἀχαρίστους
1042 2487 1264 2542 Ἰουδαίους·
1302 2487 1381 2536 δ’θεν
1404 2489 1423 2534 ὅ
1446 2484 1593 2534 δεσπό-

114 2589 188 2626 της
211 2565 394 2631 Χριστός
416 2575 558 2627 φησιν,
584 2575 613 2595 “
632 2566 709 2630 οὗχ
740 2568 778 2615 οἱ
806 2569 902 2616 δέκα
934 2566 1291 2632 ἔκαθαρίσθησαν,”
1314 2564 1384 2613 καὶ
1407 2565 1462 2613 τὰ
1484 2566 1590 2623 ἑξῆς.
1602 2584 1657 2622 30

104 2643 242 2706 ‘'Omp
266 2641 371 2691 εἶπεν
394 2645 413 2689 o‘
436 2642 583 2707 Κύριος
615 2642 768 2701 Ἰησοῦς
805 2643 864 2691 ὅτι
896 2646 922 2703 ἦ
953 2643 1158 2700 βασιλεία
1190 2650 1265 2691 τῶν
1296 2642 1456 2707 οὐρανῶν
1484 2639 1592 2695 ἔντός

118 2719 222 2783 ὑμῶν
252 2720 378 2778 ἔστιν,
401 2725 516 2767 τοῦτο
552 2719 754 2782 σημαίνει,
788 2720 848 2767 ἔτι
885 2720 923 2768 ε’ν
958 2727 1051 2774 ταῖς
1089 2720 1306 2784 ἡμετέραις
1334 2718 1591 2783 προαιρέσεσι

118 2803 250 2845 κεῖται
273 2795 319 2844 τὸ
344 2800 448 2852 λαβ.

192 2892 289 2936 130,
306 2892 349 2935 3.
373 2874 515 2938 αἱρετοί
536 2872 617 2926 πώς
641 2873 756 2921 εἰσιν.

191 2968 290 3012 132,
314 2969 350 2998 1.
375 2949 513 3004 νυκτὸς
535 2949 604 2998 καὶ
628 2951 792 3015 ἡμέρας.
934 2967 1000 3010 17.
1024 2971 1086 2997 πν.
1110 2950 1291 3002 πλάνοις.
1608 2971 1657 3012 35

802 3040 828 3083 3
853 3041 868 3067 1
895 3038 919 3068 2
