1864 3398
409 219 480 258 AD
507 220 625 260 CAT.
654 221 715 259 IN
744 221 947 262 EVANG.
977 224 1017 261 S.
1045 221 1290 260 JOANNIS.
1510 222 1591 269 447

121 324 191 374 καὶ
222 327 476 391 συνημμένως
497 329 652 381 πάντως
676 330 744 387 τὴν
774 328 915 377 πίστιν
941 330 1012 388 τὴν
1043 330 1099 383 εἷς
1123 329 1195 391 ἐμὲ
1230 329 1300 377 καὶ
1332 330 1404 389 τὴν
1432 330 1593 393 ἀγάπην

122 404 360 468 τηρήσουσιν
395 406 562 470 ἀκριβῆ.
612 405 851 468 ἀγαπώντων
891 407 933 455 δὲ
974 407 1100 455 αὐτῶν
1133 407 1183 460 ὥς
1215 407 1313 471 χρὴ,
1348 409 1458 471 κοῖγῶ
1492 414 1593 470 μενῶ

123 479 161 527 ἔν
183 481 333 533 αὐτοῖς.

189 572 244 618 37
247 572 290 618 5,
310 575 380 619 31.
413 556 546 619 με’σων
569 567 723 607 νυκτῶν.

191 639 291 696 376,
313 649 353 694 7.
387 636 650 697 μανθάνωμεν.
756 655 822 699 13.
855 636 1197 700 μεμελετηκότες.
1606 656 1629 698 5

192 725 293 772 377,
316 730 384 773 13.
418 718 499 766 πῶς
520 713 562 760 δὲ
586 715 604 760 ὅ
627 724 715 762 κελ.

192 793 292 849 378,
315 803 382 850 15.
416 786 590 852 ὅρμησε.

192 879 292 926 379,
315 883 381 927 13.
416 863 483 912 καὶ
507 866 633 920 ἄλλος
656 889 719 920 τις
741 869 938 930 μαθητής.
1043 887 1111 927 24.
1146 868 1411 932 ἀνακηρύττη.

192 956 293 1003 379,
310 960 381 1003 30.
415 942 484 990 καὶ
508 943 773 1002 ἐπηκολούθει.
877 962 948 1006 35.
981 951 1114 993 ταῦτα
1137 946 1179 994 δὲ
1202 956 1296 1009 λεγ.

193 1025 291 1080 380,
318 1037 387 1069 20.
422 1025 496 1067 ποῦ
520 1017 609 1069 εἷεν.
1613 1042 1660 1067 10

193 1100 295 1157 381,
317 1114 354 1143 1.
391 1093 455 1144 ἐπὶ
480 1097 616 1162 τούτῳ.

194 1178 295 1234 382,
319 1179 360 1219 6.
397 1172 472 1220 διδ.
494 1174 566 1232 τὴν
587 1173 833 1236 κηδεμονίαν.
939 1191 979 1236 7.
1014 1175 1074 1223 ο”τι
1098 1175 1167 1224 καὶ
1189 1198 1335 1240 κατεχ.

192 1255 294 1312 382,
316 1267 383 1311 19.
418 1249 679 1313 ἐξηλέγχετο.
781 1269 852 1302 22.
885 1253 1117 1315 Ῥωμαίους.

193 1332 294 1387 382,
319 1340 390 1386 27.
426 1324 496 1374 καὶ
518 1326 624 1392 φόνῳ
644 1329 719 1390 μὲν
740 1327 876 1395 ἀδίκῳ.
977 1349 1048 1392 3ο.
1083 1332 1155 1389 τὴν
1177 1331 1310 1395 ἑορτὴν
1331 1338 1468 1378 πᾶσαν
1490 1330 1582 1393 λέγ.

192 1407 292 1464 382,
310 1421 383 1464 33.
420 1425 460 1451 τ.
485 1404 718 1460 βασκανίας
742 1405 831 1453 αὖτ.
855 1408 945 1470 ὁρῶν
965 1405 1045 1472 γοῖρ
1068 1408 1160 1455 αὗτ.
1185 1409 1264 1456 δεδ.
1289 1428 1374 1456 0111.
1395 1413 1448 1456 Β.
1615 1430 1658 1468 15

194 1485 296 1541 383,
313 1499 356 1542 3.
393 1481 435 1529 οὖ
459 1480 624 1544 λέγουσι
648 1482 719 1539 τὴν
742 1482 987 1541 κακοποιΐαν,
1011 1484 1107 1532 ἀλλ’
1132 1485 1193 1532 ὅτι
1218 1491 1250 1513 “
1268 1485 1306 1533 εἷ
1327 1485 1387 1547 μὴ
1417 1483 1464 1543 ’ἦν
1487 1483 1598 1538 οἶτος

129 1562 158 1583 “
177 1562 408 1619 κακοῦργος,
432 1557 503 1605 οὖκ
524 1557 570 1605 ἅν
594 1580 656 1606 σοι
679 1559 959 1623 παρεδώκαμεν
981 1561 1140 1610 αὖτίν.”
1175 1560 1295 1616 οὕτως
1316 1582 1430 1610 παν-ι’.

194 1638 295 1695 383,
318 1639 359 1680 6.
395 1630 500 1682 εἶπον
523 1635 565 1683 δὲ
589 1635 739 1684 ἐκεῖνοι.
846 1652 886 1696 7.
911 1637 980 1685 οὖκ
1003 1638 1104 1695 ε’ξῆν.

194 1716 296 1772 383,
318 1728 384 1757 10.
408 1710 433 1770 ἢ
457 1711 577 1760 τοῦτο’
593 1720 735 1773 φησιν,
753 1712 812 1760 ὅτι
832 1714 924 1776 οὔχ.
1007 1732 1076 1773 24.
1101 1714 1211 1763 ἀκού.
1229 1736 1316 1778 μον.
1335 1714 1415 1763 ἕθεν
1431 1713 1500 1763 καὶ
1520 1714 1599 1762 εὖθ.

195 1793 294 1850 383,
313 1806 386 1849 31.
407 1786 652 1852 χαρίσασθε.
754 1808 825 1852 33.
850 1791 991 1854 λέγων.
1614 1808 1664 1835 20

195 1870 297 1926 386,
317 1883 386 1927 23.
408 1871 633 1931 περιθεῖναι.
759 1885 829 1928 25.
854 1867 977 1915 αὐτοῦ
998 1874 1050 1936 τῇ
1072 1877 1171 1929 κεφ.

165 1996 168 1997 ⁷
196 1947 297 2004 387,
315 1957 384 2002 27.
408 1941 455 1989 τὸ
479 1943 840 2007 συγκεχωρημένον.

197 2024 296 2080 388,
323 2024 363 2066 8.
399 2017 565 2072 οἴκησιν.
669 2039 709 2081 9.
741 2019 778 2068 εἷ
799 2019 964 2082 περιΐδοι
989 2043 1028 2069 τ.

197 2101 299 2158 389,
322 2114 394 2158 33.
430 2095 620 2160 ἔφρασεν.

198 2191 300 2235 390,
325 2191 365 2222 2.
401 2170 500 2236 ὥρας
523 2172 688 2231 ταύτης.
789 2189 832 2235 5.
866 2173 976 2235 μετοὶ
999 2180 1146 2222 ταῦτα.
1616 2197 1662 2237 25

199 2267 298 2311 390,
318 2255 358 2296 8.
393 2248 556 2312 ἐμπαίζ.
580 2250 703 2315 αὐτῷ.
738 2249 797 2298 ἔτι
822 2250 864 2298 δὲ
892 2250 960 2299 καὶ
984 2251 1044 2299 ἔτι
1067 2253 1086 2298 ὅ
1110 2258 1171 2300 Π.
1260 2268 1325 2315 15.
1354 2252 1443 2318 περὶ
1465 2254 1599 2302 αὐτοῦ.

197 2345 299 2388 390,
323 2344 392 2375 21.
427 2326 535 2391 αὐτῷ
557 2331 612 2392 τῷ
636 2326 748 2391 ἔργῳ.
852 2345 920 2389 29.
951 2334 1046 2376 Τοῖ’
1068 2328 1215 2377 Aiwoffi.

200 2421 301 2464 390,
319 2421 390 2465 32.
427 2402 492 2452 ἐπὶ
515 2402 560 2451 ‘rb
584 2425 726 2468 σταυρ.
763 2402 827 2452 ἐπὶ
850 2411 924 2452 τῶν
943 2403 1066 2467 ω’μων.

199 2498 298 2541 391,
323 2497 363 2529 2.
398 2478 504 2527 ouh-o}
527 2482 636 2542 ἡμᾶς
660 2503 699 2528 τ.
728 2481 888 2545 Εὖαγγ.
913 2483 1050 2548 διδάξῃ
1074 2480 1127 2531 τοὶ
1148 2486 1245 2548 ῥημ.

200 2574 300 2617 391,
317 2574 361 2614 4.
398 2556 600 2620 ἐχομένοις
622 2563 696 2616 τῆς
719 2556 783 2605 ἐπὶ
806 2556 872 2606 τὸν
895 2557 1111 2622 Γολγοθοῖν.
1216 2567 1256 2608 8.
1294 2562 1448 2609 ἑαυτοῦ.
1613 2578 1666 2615 30

202 2651 301 2694 391,
325 2651 392 2694 13.
428 2631 495 2680 καὶ
518 2631 598 2696 γοὶρ
622 2631 691 2681 καὶ
713 2631 757 2681 τό
780 2636 869 2690 ξυλ.
973 2654 998 2685 2
999 2650 1044 2696 5.
1081 2635 1145 2683 τὸν
1167 2637 1210 2684 δὲ
1232 2637 1381 2685 τίτλον.

201 2728 300 2771 391,
319 2729 389 2772 33.
423 2731 515 2773 μιγ.
533 2710 755 2764 Ἰουδαίους.

203 2805 302 2848 392,
322 2805 362 2836 2.
397 2809 436 2834 τ.
460 2786 665 2846 Ἰουδαίων,
687 2787 782 2835 ἀλλ’
806 2787 866 2836 ὅτι
890 2789 1033 2843 ἐκεῖνος
1057 2786 1174 2837 εἶπεν.
1275 2808 1319 2849 4.
1352 2792 1599 2854 παρετράπη.

204 2881 304 2925 392,
327 2881 394 2910 10.
427 2862 553 2925 με’σος
576 2869 749 2912 κεῖσθαι.
858 2880 924 2924 17.
961 2864 1026 2912 διὰ
1049 2866 1200 2914 τούτου.

204 2958 302 3002 392,
323 2958 390 2989 21.
425 2938 479 2988 τοὶ
517 2941 676 3003 ἱμάτια,
711 2941 836 3000 δηλῶν
868 2942 888 2988 ὅ
917 2940 1095 3001 Ἰωάννης
1129 2942 1188 2990 ὅτι
1224 2942 1316 3007 οὐχὶ
1349 2950 1523 2998 τοιοῦτος
1556 2943 1603 3004 ἦν
1614 2963 1665 3002 35
