1864 3398
441 227 516 267 AD
545 228 662 267 cA'r.
690 229 752 268 IN
778 229 981 269 EVANG.
1011 229 1050 267 S.
1075 228 1321 268 JOANNIS.
1540 228 1615 264 441

221 340 318 394 267,
341 349 384 396 5.
417 334 696 402 παρασπειρει.
833 353 902 399 25.
935 336 1206 399 πεπεισμένων
1227 334 1273 394 ἦν
1293 341 1428 383 τοῦτον
1450 330 1561 382 εἶναι.

219 416 319 471 267,
345 417 414 461 26.
447 410 473 470 ἢ
496 410 570 459 ἔτι.
771 431 842 475 34.
877 419 948 474 φθ.
972 414 1111 478 λέγων.

219 493 317 543 268,
340 507 385 546 4.
419 487 440 536 ὃ
463 489 506 536 δὲ
528 490 642 553 λε’γει
667 496 838 539 τοιοῦτον
861 491 965 539 ἔστι.
1103 496 1143 538 8.
1168 489 1211 538 οὗ
1234 489 1457 551 παύσομαι.

219 571 319 620 268,
341 581 408 625 17.
443 565 607 628 ἔναπομ.

220 648 318 699 268,
339 661 410 705 3ο.
459 643 712 707 παρεγένετο,
748 644 843 691 ἀλλ’
880 644 966 693 οὐδὲ
1004 645 1041 692 ἓν
1077 649 1129 711 τῇ
1163 644 1339 708 δευτέρᾳ,
1376 644 1461 693 οὐδὲ
1498 644 1536 692 ἕν
1571 649 1656 710 τῇ5

148 717 279 785 τρίτῃ,
304 715 408 767 ὥστε
432 720 492 781 μὴ
517 720 572 773 εἷς
603 721 724 779 λήθην
745 721 930 769 ἀπελθεῖν
951 723 1005 770 τὰ
1028 721 1228 785 λεγόμενα
1249 720 1474 784 μελλόντων
1496 722 1622 770 αὗτῶν

148 803 317 860 τρυφᾶν·
360 796 398 844 ἒν
420 796 463 844 δὲ
485 803 538 864 τῇ
561 797 723 864 ε’σχοίτῃ
747 798 814 846 ὅτε
836 799 951 863 ἆνεχ.

217 879 317 935 269,
343 891 412 935 23.
449 873 613 941 ἷδρυνθῇ.
818 891 887 937 25.
922 874 968 924 τό
991 875 1235 929 ἀνεκλειπές.

216 966 317 1010 270,
342 969 382 1001 2.
418 952 689 1015 ὁμολογεῖται.
807 968 875 1013 27.
900 952 957 1000 διὸ
982 951 1050 1000 καὶ
1072 953 1188 1006 τινές.
1305 971 1375 1014 30.
1402 952 1618 1016 ἐπείχοντο.

216 1043 314 1087 272,
332 1043 375 1090 5.
411 1028 618 1077 οἷκείωντο.
756 1044 822 1091 15.
847 1030 928 1078 δέον
949 1030 1027 1094 γὰρ
1052 1028 1097 1088 ἦν
1120 1029 1217 1085 ὃεῖξ.
1638 1047 1685 1072 ιο

217 1119 316 1164 272,
338 1120 404 1165 17.
441 1104 577 1153 εἶὸὄτι.
614 1105 808 1171 ἐρώτησον
830 1105 898 1154 καῖ
923 1106 1000 1154 ἴδε.

217 1196 315 1243 273,
338 1200 405 1231 11.
440 1183 500 1229 οἷν.
523 1183 660 1231 aba-&m

216 1274 315 1321 273,
339 1278 409 1321 32.
448 1265 560 1309 Quae
596 1265 752 1323 Chrys.
790 1266 864 1308 dat
887 1266 941 1308 Β.
992 1259 1106 1323 ὑμεῖς
1143 1259 1186 1307 δέ
1221 1267 1350 1321 φησιν
1380 1260 1447 1307 οὒκ
1481 1259 1618 1308 οἴδατε

146 1335 260 1384 πόθεν
284 1335 454 1401 ἔρχομαι
478 1337 503 1396 ἢ
528 1343 599 1386 ποῦ
622 1338 773 1401 ὑπάγω·
809 1339 956 1387 ἔθελοκ.

215 1429 314 1474 274,
335 1420 402 1462 16.
436 1415 524 1463 οὐδὲ
548 1415 624 1477 ἐγώ
647 1416 731 1478 εἶμι
756 1416 819 1469 ὧς.
1637 1429 1682 1468 ¹5

215 1506 315 1553 275,
340 1507 380 1552 7.
416 1492 550 1551 ἐπειδὴ
574 1491 737 1547 εἰδότες.
874 1497 945 1542 26.
981 1491 1090 1556 ’ἔργον
1113 1491 1285 1555 γέγονεν.

215 1584 312 1631 275,
336 1588 408 1631 31.
442 1569 666 1618 κατασείων
687 1592 747 1618 τε.

214 1653 314 1707 276,
339 1651 379 1693 8.
414 1646 482 1694 καὶ
507 1650 719 1712 σαρκικοῖς.
856 1666 897 1708 9.
933 1645 1001 1694 καῖ
1023 1647 1103 1710 γὰρ
1127 1644 1266 1711 πόρρω.

214 1738 315 1783 277,
337 1729 404 1771 18.
439 1722 508 1771 καὶ
532 1724 570 1772 ε’ν
593 1724 719 1788 τούτῳ
741 1724 797 1771 δὲ.
833 1729 943 1770 Haec
967 1728 1123 1786 Chrys.
1146 1727 1342 1770 attribuit
1366 1728 1420 1769 B.

215 1816 314 1861 277,
341 1815 411 1862 25.
447 1800 538 1864 ὅπερ
563 1801 604 1848 δέ
626 1811 676 1861 φ.
701 1811 744 1848 et
766 1806 859 1848 haec
884 1805 1039 1863 Chrys.
1066 1810 1182 1848 sunt.
1632 1818 1681 1844 20

214 1894 314 1938 277,
334 1895 403 1939 29.
438 1875 507 1924 καὶ
530 1883 604 1936 τῆς
626 1876 814 1931 ἁλώσεως
837 1882 911 1935 τῆς
935 1876 1144 1942 ὑμετέρας.
1247 1896 1318 1939 30.
1341 1884 1455 1925 λαλῶ
1479 1875 1600 1924 οὐδέν.

215 1961 374 2015 278,4.
408 1954 590 2018 ἀρεστόν.
730 1970 796 2015 17.
831 1954 1182 2018 πληκτικωτέροις.

214 2048 314 2092 279,
337 2050 402 2090 14.
437 2033 602 2079 πάντων.

214 2114 312 2165 280,
337 2127 406 2159 21.
442 2115 496 2175 τῷ
518 2110 559 2157 δὲ
583 2110 718 2157 εἰπεῖν.

214 2191 313 2242 281,
336 2191 402 2233 18.
439 2185 606 2244 ε’κκόψαι
630 2192 750 2243 βουλ.
774 2185 834 2233 ὅτι
856 2207 921 2234 πε.
958 2186 1106 2248 ἔλογιζ.
1214 2204 1282 2247 19.
1307 2185 1356 2238 ὦς
1378 2184 1487 2249 παρὰ
1503 2207 1542 2232 τ.
1561 2188 1614 2231 Θ.
1630 2204 1676 2244 25

213 2269 314 2325 283,
332 2281 375 2322 4.
409 2269 687 2311 καταπαῦσαι.
827 2281 894 2313 12.
929 2261 988 2310 ἔτι
1013 2263 1055 2311 οὗ
1077 2269 1285 2326 προσῆκεν.

214 2346 312 2402 283,
334 2359 400 2402 13.
424 2345 478 2406 τῇ
494 2362 561 2404 πρ.
581 2340 720 2388 ἐκεῖνον
736 2346 869 2387 ταῦτα
887 2339 1157 2404 ἐφθεγξάμην,
1174 2337 1243 2387 καὶ
1262 2338 1310 2386 διῗ
1329 2338 1467 2387 ἐκεῖνον
1484 2344 1614 2386 ταῦτα

143 2417 283 2473 ἀκούω,
307 2416 374 2464 καὶ
398 2416 446 2464 δι’
470 2417 611 2465 ε’κεῖνον
632 2417 855 2479 ἀτιμάζετέ
874 2438 945 2480 με.

214 2499 311 2556 283,
334 2512 401 2552 14.
437 2492 484 2541 δι’
507 2493 548 2541 ἓν
569 2516 609 2541 τ.
633 2493 781 2552 ἤκουεν.

214 2577 312 2633 283,
334 2575 401 2618 18.
449 2569 494 2618 τὸ
530 2571 572 2618 δὲ
605 2576 688 2617 hoc
723 2575 824 2617 Sch.
861 2575 1015 2632 Chrys.
1048 2576 1122 2618 dat
1157 2575 1265 2618 Cod.
1290 2575 1344 2618 B.
1379 2574 1612 2617 Ammonio
1623 2589 1676 2626 30

144 2654 288 2709 itaque
310 2653 427 2709 quod
449 2667 538 2708 seq.
562 2653 695 2695 tribui
718 2653 858 2695 debet.

214 2731 313 2785 287,
337 2745 377 2786 9.
413 2730 487 2771 τῶν
511 2725 658 2772 αι’τιῶν.
795 2743 864 2786 23.
900 2722 993 2786 ἕπερ
1018 2722 1081 2771 ἐπὶ
1105 2730 1178 2771 τῶν
1202 2724 1289 2772 οὐδὲ
1312 2745 1354 2771 κ.

214 2807 311 2857 288,
335 2820 401 2849 1ο.
438 2807 536 2849 Hoc
561 2806 703 2849 Schol.
729 2806 884 2863 Chrys.
908 2806 1098 2862 assignat
1127 2806 1180 2847 Β.
1278 2819 1349 2862 30.
1384 2800 1421 2847 εἷ
1442 2798 1554 2853 ὅλως.

214 2897 313 2940 290,
334 2896 374 2927 2.
409 2900 448 2926 τ.
471 2877 588 2942 νόμον
611 2878 850 2941 νομίζοντας.
996 2896 1061 2925 10.
1093 2877 1243 2941 ἔλεγον.
1536 2879 1539 2882 ’

834 2966 910 3009 3L
