1864 3398
377 582 1339 640 SUPPLEMENTUM

837 739 889 764 ΕΤ

479 857 828 906 VARIETAS
864 857 1229 905 LECTIONIS

418 1001 492 1039 AD
528 1001 640 1039 CAT.
675 1001 737 1040 IN
769 1000 971 1039 EVANG.
1008 1001 1048 1038 S.
1077 1000 1307 1038 JOANNIS

666 1131 696 1162 E
720 1129 827 1163 COD.
851 1129 993 1163 BODL.
1017 1129 1060 1162 B.

225 1370 320 1414 Τοῖ’
363 1366 689 1414 ΧΡτΣοΣΤόΜοτ
731 1364 807 1412 131’2
843 1362 897 1412 wc}
937 1362 1052 1412 ΚΑΤᾹ
1090 1363 1312 1412 ἸΩᾹΝΝΗΝ
1339 1362 1497 1412 ‘'AmoN

713 1446 1015 1495 ΕῶΑΓΓέΑῐοΝ.

183 1546 233 1590 α’.
279 1545 397 1588 Διατί
427 1549 445 1587 6
481 1547 776 1601 Εὖαγγελιστὴς
806 1544 906 1594 οὗτος
936 1544 1187 1601 παραδραμών
1219 1547 1284 1596 τὴν
1319 1545 1508 1596 σύλληψιν
1534 1549 1598 1587 τοῦ

357 1613 493 1669 Κυρίου
520 1614 584 1654 καὶ
611 1614 672 1655 τὸν
692 1613 798 1655 τόκον
824 1614 888 1655 καὶ
913 1616 977 1662 τὴν
1003 1615 1248 1668 ἀναστροφὴν,
1271 1613 1394 1661 εὐθέως
1428 1613 1508 1670 περὶ
1535 1616 1599 1662 τῆς

356 1682 471 1724 ἀϊδίου
490 1682 689 1739 γεννήσεως
709 1684 824 1724 αὐτοῦ
845 1683 1037 1738 διηγεῖται.

183 1751 234 1803 β’.
266 1751 382 1793 Διατί
402 1754 419 1792 6
442 1751 733 1805 Εὐαγγελιστὴς
755 1748 856 1798 οὗτος
874 1748 1059 1797 πολλάκις
1089 1750 1153 1800 τὴν
1179 1753 1244 1790 τοῦ
1273 1748 1474 1804 προδρόμου
1500 1764 1599 1803 περι-

357 1818 452 1875 φέρει
473 1816 693 1873 μαρτυρίαν.

184 1886 242 1942 γ’.
269 1886 373 1928 'Aut-3
393 1885 500 1934 ποίας
521 1884 682 1941 χάριτος
701 1884 807 1926 ποίαν
823 1884 940 1940 χάριν
965 1883 1162 1938 ἐλάβομεν.

185 1954 215 1996 δ’
218 1987 228 1997 .
270 1953 390 1995 Διατί
420 1954 502 2002 τοὺς
533 1955 575 2004 ἐξ
602 1952 868 2008 Ἱεροσολύμων
902 1955 1001 2010 ἱερεῖς
1033 1953 1096 1994 καὶ
1128 1952 1289 2000 Λευίτας
1319 1951 1405 2008 πρὸς
1434 1951 1600 2001 Ἰωάννην

357 2021 596 2063 ἀπέστειλαν.

186 2090 229 2133 ε’.
256 2088 348 2131 ’Ότι
369 2092 387 2130 ὁ
416 2089 483 2143 μὲν
504 2088 700 2137 Ματθαῖος
719 2091 771 2129 τοὶ
789 2088 856 2143 πρὸ
877 2091 942 2128 τοῦ
963 2086 1231 2142 βαπτίσματος
1249 2090 1314 2128 τοῦ
1334 2090 1501 2142 Χριστοῦ
1520 2086 1601 2141 περὶ

357 2161 422 2199 τοῦ
453 2156 653 2214 προδρόμου
682 2159 874 2212 διηγεῖται·
908 2156 981 2197 ὁδὲ
999 2155 1168 2206 Ἰωάννης
1188 2158 1238 2196 τοὶ
1267 2156 1365 2208 μετοὶ
1394 2153 1437 2196 vd
1462 2153 1602 2206 βάπτι-

359 2243 443 2278 σμα
465 2226 529 2266 καὶ
549 2227 614 2274 τὴν
634 2224 781 2267 κάθοδον
801 2226 864 2275 τὴν
879 2225 952 2265 ἀπὸ
973 2227 1037 2264 τοῦ
1057 2222 1169 2279 ὅρους.

189 2292 238 2342 ς’.
283 2292 401 2334 Διατί
428 2293 470 2334 τὸ
497 2291 608 2348 κάγὼ
638 2295 704 2334 οὐκ
734 2291 826 2349 ᾔδειν
855 2293 964 2333 αὐτὸν
992 2291 1084 2333 εἶπεν
1115 2295 1132 2332 6
1162 2291 1389 2342 βαπτίστης,
1412 2291 1476 2331 καὶ
1505 2290 1604 2330 διατί

359 2361 556 2413 ἐνέβλεψεν
589 2363 643 2417 τῷ
675 2361 798 2411 Ἰησοῦ
831 2362 1100 2415 περιπατοῦντι·
1147 2358 1211 2400 καὶ
1245 2363 1324 2414 περὶ
1356 2357 1505 2414 Πέτρου
1537 2356 1601 2398 καὶ

360 2427 546 2484 Ἀνδρέου.

190 2494 236 2547 ζ’.
271 2496 367 2551 Περὶ
386 2499 450 2537 τοῦ
470 2495 660 2538 Φιλίππου
681 2496 745 2537 καὶ
765 2500 829 2537 τοῦ
844 2494 1071 2547 Ναθαναήλ.

188 2561 235 2612 η’.
269 2563 364 2618 Περὶ
384 2566 449 2604 τοῦ
469 2565 504 2604 ἓν
527 2566 639 2605 Κανᾶ
659 2563 801 2619 γάμου.

190 2628 232 2672 θ’.
266 2630 363 2686 Περὶ
383 2633 455 2670 τῶν
475 2629 722 2682 ἐκβληθέντων
743 2632 784 2671 ἐκ
804 2634 868 2671 τοῦ
891 2633 998 2685 ἱεροῦ.

191 2696 228 2739 ι’.
262 2697 358 2752 Περὶ
379 2701 443 2738 τοῦ
463 2697 689 2751 Νικοδῆμου.

192 2764 258 2808 ια’.
301 2765 396 2820 Περὶ
435 2769 507 2806 τῶν
539 2764 709 2819 μαθητῶν
742 2768 807 2805 τοῦ
842 2767 1008 2821 Χριστοῦ
1047 2762 1302 2816 βαπτιζὸντων
1340 2764 1403 2805 καὶ
1437 2762 1605 2814 Ἰωάννης

366 2832 578 2884 ἐβάπτιζεν.

194 2899 261 2952 ιβ’.
289 2899 341 2942 Τί
358 2899 527 2955 σημαίνει
548 2904 568 2951 ἡ
588 2898 760 2957 γενομένη
783 2900 928 2953 ζήτησις
959 2902 1000 2942 ἐκ
1029 2903 1102 2941 τῶν
1127 2899 1298 2954 μαθητῶν
1325 2897 1491 2940 Ἰωάννου
1521 2898 1606 2955 πρός

366 2984 450 3010 τινα
469 2969 640 3010 Ἰουδαῖον
658 2967 738 3023 περὶ
759 2968 1005 3022 καθαρισμοῦ.
