1864 3398
275 252 355 289 434
575 250 1022 289 SUPPLEMEN'IUM
1050 248 1120 286 ET
1150 249 1265 287 VAR.
1294 249 1445 286 LECT.

347 378 443 421 194,
467 379 533 421 19.
555 359 724 424 Ἀνδρέου
747 369 791 406 et
812 364 934 406 infra.
1024 376 1094 420 32.
1119 363 1192 416 τῆς
1214 363 1367 421 ψυχῆς.
1458 375 1528 418 33.
1553 353 1612 402 ὅτι
1634 376 1721 419 περ.

347 452 442 498 195,
463 456 502 498 9.
536 435 773 502 ὑποπνεύσῃ.
914 454 980 497 19.
1003 436 1284 498 μετωνομᾶσω.

346 529 440 575 195,
465 532 534 563 21.
568 513 845 576 ταπεινῶτερον
868 513 1132 576 φθέγγεσθαι.
1272 518 1340 561 28.
1365 510 1488 559 πόθεν.

345 607 442 652 195,
465 609 533 652 29.
566 596 680 637 τοῦτο
702 589 828 652 μόνον.

345 672 439 726 196,
459 680 500 726 5.
527 665 740 730 ἐκκρίτους.
847 672 913 714 16.
938 667 1101 725 ἀληθής.
1207 681 1274 727 25.
1301 666 1449 725 σαφές.
1747 684 1771 725 5,

345 759 440 805 197,
461 752 509 792 2.’
534 741 602 790 καὶ
626 742 696 807 πρὸ
721 767 760 790 τ.
785 744 859 791 διδ.
884 763 968 791 om.
996 749 1047 791 B.

344 839 440 884 197,
457 838 499 884 5.
535 822 707 884 σημείων
731 823 796 870 καὶ
820 821 892 886 πρὸ
915 828 986 880 τῆς
1011 818 1291 874 διδασκαλίας.
1365 838 1430 869 12.
1455 818 1531 866 ἀπὸ
1554 825 1628 878 τῆς
1648 826 1739 883 γῆς.

345 916 440 961 197,
459 919 526 949 22.
542 900 668 962 μέγα.
730 905 798 948 28.
814 898 925 947 πόθεν
941 919 1027 947 om.
1044 904 1099 946 B.
1172 916 1240 960 29.
1256 897 1376 945 αὐτοῦ
1394 896 1461 944 καὶ
1479 898 1601 944 εἰπεῖν
1618 897 1739 963 αὐτῷ.

343 983 439 1038 198,
463 997 499 1024 1.
523 979 722 1039 μαθητάς.
828 995 866 1026 2.
892 975 1064 1028 ε’κεῖνοις.
1171 993 1236 1033 14.
1261 977 1356 1035 ὁμοῦ
1379 977 1511 1021 πάντα
1534 996 1577 1022 π.

343 1060 437 1115 198,
462 1070 528 1114 17.
555 1054 590 1100 εἷ
611 1055 690 1116 γὰρ
715 1053 772 1101 ἄν.
911 1068 981 1114 25.
1003 1050 1086 1119 ᾔδει
1110 1052 1189 1115 γὰρ
1214 1051 1287 1099 ἔτι.
1421 1070 1493 1113 31.
1518 1052 1672 1115 κρήνας.
1757 1074 1803 1100 ιο

342 1136 438 1192 198,
463 1149 532 1192 32.
568 1131 644 1183 τὰς
674 1129 841 1194 ὑδρείας.
978 1144 1047 1191 35.
1087 1130 1127 1185 ἐξ
1151 1130 1219 1177 οὖκ
1241 1126 1365 1175 ὄντων.

343 1227 437 1270 199.
474 1208 559 1254 Διὰ
583 1208 622 1255 δὲ
647 1213 716 1255 τοῦ
737 1209 796 1269 μὴ
823 1208 944 1254 εἰπεῖν
973 1213 1066 1253 haec
1091 1217 1192 1253 sunt
1216 1211 1370 1267 Chrys.

343 1303 439 1346 199,
460 1289 499 1331 8.
529 1283 590 1342 εἴη
613 1284 657 1331 τὸ
681 1283 809 1332 ποτὸν.
947 1302 1015 1332 21.
1046 1290 1185 1331 λοιπῶν
1210 1305 1311 1344 σημ.

342 1380 439 1423 199,
460 1380 528 1420 24.
553 1362 800 1425 παραδηλῶν.
936 1376 1007 1422 35.
1032 1362 1187 1408 τούτων.

339 1457 436 1493 200,
461 1457 497 1485 1.
533 1437 693 1501 ἤρξατο,
718 1437 784 1485 καὶ
817 1437 889 1502 πρὸ
921 1444 990 1485 τοῦ
1024 1437 1318 1497 βαπτίσματος
1342 1436 1447 1485 οὐδὲν
1471 1435 1738 1499 ἕθαυματοῦρ-
1755 1453 1801 1495 15

269 1537 408 1579 γησεν.
495 1530 537 1575 5.
561 1515 821 1579 γεγενημένῳ.
913 1533 978 1576 13.
1002 1515 1363 1571 ἀποκαταστήσας.
1447 1531 1514 1573 29.
1540 1513 1737 1568 ἐκβαλών.

341 1611 437 1648 201,
459 1597 498 1638 8.
522 1598 577 1656 τῷ
600 1590 715 1656 νόμῳ.
857 1610 923 1653 13.
950 1592 1119 1653 ἐξέχεεν.
1259 1596 1325 1636 18.
1351 1591 1488 1637 αὐτῶν.

342 1687 440 1724 201,
462 1687 530 1717 20.
556 1667 601 1715 τό
625 1691 715 1715 τοσ.
742 1674 889 1724 λαβεῖν
912 1675 1041 1726 ζῆλον.

341 1765 440 1802 201,
462 1764 530 1794 22.
566 1745 644 1792 ὅθεν
668 1746 705 1793 οἱ
732 1746 806 1807 μὲν
832 1745 1069 1807 εὐγνώμονες
1100 1745 1236 1798 εέθέως
1271 1744 1521 1806 ἐμνήσθησαν
1546 1742 1605 1791 ὅτι
1630 1742 1740 1791 ἔστὶν

272 1824 546 1887 γεγραμμένον
571 1822 629 1869 ἔτι
655 1824 672 1869 ὅ
700 1829 829 1880 ζῆλος·
864 1822 997 1869 ἐκεῖνοι
1023 1822 1064 1869 δὲ
1087 1827 1159 1879 τῆς
1181 1821 1428 1884 προφητείας
1456 1820 1523 1868 οὗκ
1547 1821 1739 1882 ε’μνήσθη-
1755 1838 1805 1864 20

275 1923 350 1948 σαν
373 1900 486 1947 ἀλλὰ
511 1921 612 1960 σημ.
641 1900 858 1958 ἐπεζήτουν·
895 1899 940 1946 τὸ
964 1899 1006 1945 δὲ
1041 1898 1196 1945 λύσατε
1220 1897 1284 1944 τδν
1307 1897 1392 1944 ναόν
1424 1904 1556 1945 τοῦτον
1583 1920 1621 1945 κ.
1644 1921 1684 1945 τ.
1708 1899 1740 1946 ἒ.

274 1977 340 2024 διὰ
363 1982 476 2024 τοῦτο
502 1973 620 2032 εἷπεν,
645 1973 705 2023 ἵνα
730 1977 839 2040 δείξῃ
863 1975 921 2022 ἔτι
946 1974 1202 2038 προγινώσκει
1227 1974 1280 2021 τὰ
1303 1974 1410 2036 μετὰ
1434 1997 1471 2022 τ.
1496 1996 1559 2020 εσ.
1583 1979 1611 2021 l.
1630 1993 1701 2036 31.

342 2072 441 2110 202,
464 2068 529 2114 15.
553 2051 716 2106 τελείως
739 2058 792 2117 τῇ
813 2054 944 2118 πλάνῃ
967 2075 1033 2117 πρ.
1059 2052 1101 2100 οὗ
1124 2059 1197 2098 τῶν
1219 2073 1280 2114 γν.
1385 2067 1454 2111 27.
1478 2052 1651 2110 κηδείας.

342 2147 439 2186 202,
459 2149 528 2191 31.
555 2130 764 2188 ἐλήλυθας.

342 2225 440 2268 203,
460 2213 500 2253 8.
526 2204 599 2253 κοῖν
624 2206 723 2259 εἴτις
746 2205 823 2253 οἶν.
961 2225 1002 2267 9.
1028 2206 1068 2253 οὗ
1093 2211 1173 2252 del.
1199 2226 1298 2252 cum
1323 2211 1375 2252 B.
1754 2222 1804 2263 25

343 2303 441 2345 203,
465 2302 530 2345 13.
555 2305 706 2346 καταγ.
730 2283 970 2345 φθέγγεται.
1045 2298 1110 2342 17.
1134 2306 1172 2329 τ.
1198 2288 1332 2345 θορυβ.
1357 2288 1503 2330 τοῦτον.

344 2380 443 2421 203,
469 2367 534 2406 18.
559 2360 630 2418 ’ἦτε
654 2357 868 2415 βασιλεία.
905 2358 1130 2414 βασιλείας
1152 2359 1335 2417 ἠκούσθη.

344 2456 442 2499 203,
469 2455 534 2497 19.
559 2459 601 2483 π.
625 2436 740 2483 Ἰουδ.
765 2436 876 2483 ποτέ.
913 2436 1025 2482 ἀλλὰ
1048 2435 1144 2487 τέως
1166 2434 1253 2499 περὶ
1276 2441 1349 2493 τῆς
1371 2436 1584 2497 γεννήσεως
1607 2436 1742 2482 διαλέ-

274 2536 410 2579 γεται.
446 2514 504 2561 διὸ
528 2514 611 2561 καί.
746 2533 818 2575 33.
843 2515 1074 2573 ἀσωμάτου.

345 2610 440 2650 204,
462 2609 528 2638 11.
553 2590 696 2650 νόμοις.
797 2605 864 2649 27.
890 2611 928 2636 τ.
952 2590 1041 2651 ἀκρ.
1065 2595 1220 2651 γνῶσιν.
1322 2609 1393 2652 34.
1413 2590 1675 2647 πιστεύσητε.
1753 2605 1805 2645 30

345 2684 443 2728 205,
464 2685 504 2716 2.
530 2666 771 2729 ὑψηλότερα.
907 2685 948 2728 3.
976 2666 1052 2713 ε’ντ.
1078 2668 1206 2728 λέγοι.

347 2759 446 2804 205,
464 2763 506 2802 4.
538 2743 788 2790 τελεῖσθαι’
768 2766 791 2801 η
815 2764 905 2806 προς
934 2764 1143 2805 συγκρισιν
1166 2749 1238 2800 τῆς
1262 2744 1400 2790 ἑαυτου
1430 2744 1646 2806 γεννήσεως
1668 2748 1741 2800 τῆς

277 2822 606 2884 φρικωδεστατης
645 2821 847 2915 ὀνομάζων,
884 2841 1005 2872 ουτως
1040 2840 1135 2866 αυτο
1173 2826 1303 2875 καλεῖ,
1341 2820 1377 2866 εἶ
1411 2822 1490 2883 γὰρ
1530 2841 1597 2867 και
1637 2841 1740 2876 αντη

277 2896 497 2960 ἐπουράνιος
522 2898 631 2944 ἔστιν
664 2899 689 2956 ἦ
722 2918 917 2959 γεννησις,
941 2895 1053 2943 ἄλλα
1085 2916 1181 2958 προς
1215 2893 1360 2954 ε’κεινην
1393 2897 1739 2960 παραβαλλομενη

280 2994 350 3030 -ην
372 2974 500 3032 αληθῆ
523 2995 591 3021 και
616 2974 661 3021 εἰ(
683 2996 755 3032 της
776 2995 845 3021 του
868 2970 1034 3037 Πατρος
1057 2971 1196 3026 οὗσιας
1219 2994 1353 3030 ουσαν,
1376 2971 1549 3036 ε’πίγειος
1572 2973 1692 3021 ε’στιν.
1751 2986 1800 3025 35
