1864 3398
287 249 367 290 446
585 252 1035 291 SUPPLEMENTUM
1064 253 1132 291 ET
1161 253 1278 291 VAR.
1308 252 1459 290 LECT.

353 361 454 417 366,
473 374 543 418 30.
583 355 685 419 Περὶ
708 356 824 409 ποίας
846 355 909 419 Zp.
933 363 1026 404 haec
1051 362 1206 419 Chrys.
1230 363 1304 404 dat
1328 362 1435 405 Cod.
1455 363 1508 404 B.

353 439 452 494 366,
471 452 541 494 33.
579 439 692 491 συνῆν
715 433 849 486 αὐτοῖς
873 456 911 480 κ.
934 435 1033 481 ὃιελ.

352 516 450 571 367,
466 528 507 570 3.
531 516 744 573 προστῆναι
771 509 887 572 ὑμῶν.
957 529 1025 560 21.
1049 511 1335 574 παραδέξασθε.
1406 525 1474 571 25.
1496 516 1568 557 τῶν
1591 511 1745 572 ε’χθρῶν.

353 590 453 647 369,
475 591 516 633 8.
541 587 665 634 Μετὰ
690 587 760 644 τὴν
787 609 880 651 παρ.
902 593 995 634 haec
1019 592 1175 649 Chrys.
1200 597 1316 643 sunt,
1334 596 1443 634 teste
1467 591 1575 634 cod.
1597 592 1648 634 B.
1672 592 1748 647 qui

286 671 430 708 autem
452 667 588 709 multa
612 668 802 710 anteced.
826 683 911 711 om.
1759 681 1782 722 5

352 740 451 797 369,
474 742 541 783 16.
575 737 687 799 λέγει
713 737 832 801 εὐχὴν
856 736 924 785 καὶ
947 738 1062 785 δεικν.
1169 745 1236 785 18.
1271 739 1502 787 παιδεύσων.

352 819 452 874 369,
473 831 541 862 20.
577 813 672 861 ἀλλ’
697 815 789 861 ἑκὼν
811 834 896 862 0111.
916 820 968 862 Β.
1075 820 1144 864 28.
1179 815 1287 878 μετὰ
1308 814 1354 862 τό
1378 821 1633 881 σαρκωθῆναι.

353 897 451 951 369,
476 908 547 950 30.
583 891 901 952 σννεσταλμένα.

352 981 452 1028 371,
478 972 519 1013 6.
556 967 668 1022 δόξαν
692 989 730 1014 κ.
755 987 840 1014 om.
860 973 912 1015 B.
1017 983 1057 1027 7.
1083 973 1187 1015 Post
1207 971 1316 1033 παρά
1340 990 1403 1017 σοι
1426 979 1520 1017 caet.
1545 989 1630 1018 om.
1650 975 1702 1017 Β.

352 1059 451 1105 372,
472 1058 513 1103 7.
549 1044 779 1099 δοξάσωσιν.
1764 1067 1812 1093 ιο

352 1137 452 1182 372,
479 1139 547 1179 24.
593 1121 752 1176 αι’ὥνος·;
806 1121 937 1168 Εἷπῶν
973 1129 1001 1150 “
1022 1119 1082 1170 ἵνα
1121 1122 1245 1186 ἔχωσι
1280 1123 1350 1181 τὴν
1383 1123 1513 1188 χαρὰν
1545 1124 1616 1182 τ’ἢν
1650 1124 1749 1186 ἐμὴν

286 1198 606 1262 πεπληρωμένην,
632 1198 825 1256 ἐδήλωσεν
859 1205 1001 1259 σαφῶς
1032 1197 1091 1247 ἔτι
1121 1200 1238 1247 θέλων
1271 1199 1413 1254 αὖτοὺς
1442 1199 1520 1248 ἄπο
1555 1207 1628 1259 τῆς
1647 1211 1749 1249 πολ-

287 1281 361 1333 λῆς
395 1276 698 1334 ἀνακτήσασθαι
737 1275 921 1333 θλίψεως,
957 1276 1009 1324 τὰ
1049 1276 1307 1340 προειρημένα
1347 1277 1561 1336 ἐλάλησεν,
1587 1277 1643 1326 3ιό
1681 1277 1748 1326 καὶ

285 1350 381 1414 πρὸς
420 1352 490 1409 τὴν
530 1349 678 1400 ἐκείνων
720 1353 1053 1415 συγκαταβαίνων
1090 1354 1268 1401 διάνοιαν·
1314 1360 1629 1418 παραμυθεῖσθαι
1667 1356 1747 1420 γὰρ

286 1428 427 1482 αὖτοὺς
450 1429 545 1476 ἀλλ’
570 1430 612 1477 οὗ
644 1431 842 1477 διδάσκειν
874 1436 935 1477 νῦν
964 1431 1034 1487 τὴν
1064 1437 1137 1488 τῆς
1169 1429 1372 1494 θεολογίας
1394 1432 1604 1496 ἀκρίβειαν
1632 1433 1749 1489 ε’βοῦ-
1765 1447 1809 1488 15

287 1516 394 1553 λετο·
430 1507 763 1570 ἀνθρωπινώτερον,
788 1506 856 1554 καὶ
887 1508 935 1560 ὥς
961 1508 1094 1555 ε’κεῒνοι
1117 1507 1298 1563 ἠδύναντο
1316 1515 1644 1571 παραμυθεῖσθαι,
1664 1511 1751 1557 δια-

287 1582 466 1645 λέγεται·
503 1591 529 1611 “
549 1584 717 1648 τήρησον
740 1583 907 1637 abab?
931 1584 1056 1647 λέγων
1073 1583 1140 1630 καὶ
1165 1591 1178 1611 ‘

1181 1592 1193 1611 ‘
1213 1585 1250 1631 ε’ν
1272 1590 1327 1649 τῷ
1350 1584 1515 1646 ὀνόματί
1535 1590 1646 1633 σου·”
1680 1585 1750 1634 καὶ

288 1665 317 1685 “
334 1657 399 1706 ὅτε
422 1658 526 1720 ήμην
550 1659 587 1706 ἐν
611 1665 664 1724 τῷ
684 1659 826 1725 ’κόσμῳ
851 1660 1006 1721 ἐτήρουν
1029 1660 1199 1714 αὖτοὺς”
1223 1660 1290 1707 καὶ
1313 1662 1367 1709 τὰ
1394 1661 1524 1724 ὅμοια·
1560 1664 1690 1727 χαρὰν
1707 1664 1750 1711 δὲ

287 1735 357 1792 τὴν
391 1735 488 1796 ἐμὴν
522 1735 660 1795 φησὶν,
685 1734 758 1784 οἷον
790 1737 860 1795 τὴν
894 1738 1174 1799 πνευματικὴν,
1199 1738 1269 1796 τὴν
1304 1738 1563 1801 στηρίζουσαν
1596 1740 1747 1803 ψυχὰς,

287 1811 382 1858 ἀλλ’
402 1810 491 1874 οὗχῖ
514 1812 699 1869 τοιαύτην
723 1811 805 1860 οἷαν
828 1815 846 1860 o‘
869 1812 1021 1875 κόσμος
1045 1813 1145 1877 ἐ’χει,
1171 1814 1234 1862 διὰ
1258 1822 1412 1879 τρυφῆς
1436 1815 1503 1863 καὶ
1525 1817 1658 1875 ἡδονῶν
1681 1814 1749 1864 καὶ
1763 1838 1813 1864 20

289 1896 521 1948 σωματικῶν
546 1888 754 1942 εὔπαθειάς
779 1890 1081 1952 συνισταμένην.
1136 1896 1245 1938 Haec
1267 1897 1398 1939 habet
1420 1898 1472 1939 B.
1509 1898 1584 1940 sed
1606 1898 1749 1940 forsan

289 1969 430 2011 Photii
466 1975 582 2021 sunt,
606 1976 656 2012 ut
689 1971 825 2013 multa
859 1971 939 2013 alia
974 1972 1143 2014 Scholia
1165 1988 1262 2028 quae
1295 1973 1495 2031 interjicit
1528 1974 1607 2017 iste
1640 1975 1747 2017 Cod.

288 2047 364 2088 sed
393 2047 565 2089 nomine
599 2047 691 2103 ejus
724 2047 770 2089 in
800 2063 934 2104 marg.
966 2049 1179 2106 adscripto
1211 2051 1286 2103 sic,
1309 2041 1389 2106 φῶ.
1460 2050 1576 2093 Huic
1605 2056 1750 2093 autem

288 2123 458 2166 Scholio
481 2139 570 2166 non
594 2125 863 2169 adscribitur.

353 2211 454 2257 372,
479 2215 548 2258 30.
581 2199 599 2243 o‘
622 2198 730 2259 προὸ.
744 2200 839 2244 0111.
860 2202 912 2244 B.
1763 2215 1811 2256 25

354 2288 454 2335 373,
476 2292 520 2332 4.
557 2273 634 2321 ὅθεν
657 2274 864 2322 ὃεικταῒον.
967 2293 1036 2324 20.
1070 2274 1116 2323 τό
1140 2276 1181 2323 δὲ
1203 2275 1386 2339 ἁγίασον.

354 2364 451 2411 373,
474 2368 542 2412 23.
572 2352 726 2403 πάντως
747 2351 840 2414 γὰρ.
966 2370 1034 2413 29.
1069 2352 1308 2399 ἀπέστειλα.

354 2442 452 2488 374,
480 2445 520 2475 2.
558 2448 619 2474 σοι
642 2427 792 2474 avaria.
898 2446 964 2489 13.
1001 2428 1069 2475 οὗκ
1091 2429 1283 2492 ἀκριβοῦς
1306 2429 1536 2484 ἐξισώσεως.

355 2519 454 2566 374,
477 2510 542 2550 18.
574 2505 800 2567 μάχωνται.
900 2524 964 2565 19.
1000 2526 1084 2566 νομ.
1110 2506 1152 2553 δέ
1173 2527 1227 2566 με
1249 2527 1323 2568 μη.

355 2597 455 2643 374,
473 2600 543 2643 33.
579 2602 768 2645 παραγεν.
791 2580 887 2628 ἀλλ’
911 2580 1027 2628 αὐτὸν
1050 2579 1117 2628 καὶ
1139 2580 1204 2629 τὸν
1226 2581 1397 2647 Πατέρα
1419 2603 1611 2646 παραγεν.
1761 2599 1814 2637 30

354 2674 455 2719 375,
478 2677 514 2705 1.
551 2658 772 2719 δυναμένην.
876 2677 916 2720 3.
955 2657 1275 2722 συγκροτητικόν.
1378 2674 1420 2720 5.
1457 2659 1639 2722 ἐγχωρεῖ.

355 2749 455 2796 375,
478 2753 543 2781 10.
577 2756 648 2797 μοι
672 2735 809 2797 λέγων.
915 2753 982 2783 12.
1019 2735 1218 2797 ἐγέννησέν
1242 2735 1364 2782 ε’στιν.

355 2825 408 2872 37
412 2825 454 2871 5,
478 2818 543 2857 16.
579 2810 738 2863 τούτους
758 2807 832 2858 biv.
857 2832 905 2857 σε
930 2810 1084 2858 εἰδέναι.
1188 2829 1255 2872 29.
1293 2811 1408 2874 ἔπηγ.
1433 2811 1569 2874 λέγων.

355 2901 453 2948 375,
473 2907 543 2949 30.
578 2886 725 2940 αὐτοῖς.
759 2887 824 2935 ἐὰν
845 2886 925 2950 γοὶρ
948 2886 1138 2949 μάθωσῖν,
1155 2896 1297 2949 φησιν,
1318 2887 1376 2936 ὅτι
1395 2889 1464 2936 οὐκ
1486 2891 1746 2952 ἀπέσχισμαι

290 2964 365 3026 ἐγὼ
389 2963 465 3010 ἀπὸ
490 2970 574 3020 σοῦ,
597 2963 691 3011 ἀλλ’
717 2963 801 3026 εἰμὶ
822 2965 984 3028 γνήσιος
1008 2963 1087 3018 υἱός
1111 2986 1182 3013 σου
1209 2963 1277 3013 καὶ
1310 2966 1468 3030 σφοδρα
1497 2966 1747 3028 ἦγαπημένος
1759 2981 1808 3023 35
