1864 3398
407 216 477 254 AD
505 215 622 254 cAT.
651 216 714 254 IN
741 215 946 254 EVANG.
976 215 1018 253 S.
1044 211 1290 252 JOANNIS.
1510 207 1590 253 437

187 344 288 383 220,
308 343 379 384 24.
404 324 488 374 οἷτ.
514 325 638 374 ἔστιν.
775 340 846 385 27.
868 324 1074 386 προφήτην
1098 321 1202 385 ὑμῖν.

188 422 285 459 221,
306 421 347 452 2.
371 403 414 452 οὗ
438 403 504 450 διὰ
525 401 570 451 τό
593 424 641 464 μ.
776 421 820 460 4.
845 402 887 458 ἐξ
911 401 968 448 εδ.
991 398 1152 463 γνώμης
1175 419 1213 447 κ.
1236 400 1338 446 ἆπλ.
1362 397 1460 446 ὃιαν.

188 497 291 538 221,
313 486 380 529 16.
404 478 646 545 προσιόντες.
784 494 853 539 17.
876 483 1192 541 παρακαλοῦσιν.

190 576 287 615 221,
308 574 378 619 27.
401 568 503 620 post
526 579 647 621 συγκ.
670 577 769 619 quae
792 577 881 618 seq.
906 576 1004 618 usq.
1028 560 1084 603 ad
1106 554 1302 618 αἰσχύνην
1324 573 1409 601 om.
1435 557 1488 599 B.

189 653 288 692 221,
305 655 377 698 33.
401 636 446 684 ἔκ
467 657 507 682 τ.
532 634 682 689 οἰκείας
704 636 834 696 ἀποφ.
1606 638 1630 681 5

190 731 289 769 222,
313 728 379 774 15.
403 711 462 760 ἔτι
485 733 657 776 τετραμ.

190 809 287 853 223,
306 810 348 852 3.
383 789 519 854 χώρας
549 790 623 851 μὲν
657 788 726 836 καὶ
757 787 953 852 θερισμόν.
1012 793 1122 836 Haec
1155 791 1452 849 chrysostom.
1478 794 1594 832 sunt.

122 866 168 916 τό
190 873 340 927 πλῆθος
362 874 436 916 τῶν
457 873 595 930 ψυχῶν
617 889 656 914 τ.
681 867 740 914 ἔτ.

191 964 290 1007 223,
311 961 351 1006 7.
376 944 634 1007 ἑτοιμότητα.
774 962 841 993 12.
866 943 963 991 ἀλλ’
988 942 1058 991 οὐκ
1080 941 1193 990 αὐτοὶ
1217 941 1406 1005 ἐθέρισαν.

193 1043 291 1086 223,
313 1042 384 1086 3ο.
415 1025 434 1070 ὁ
462 1044 526 1071 πν.
557 1020 745 1087 θερισμὲς
778 1027 873 1069 haec
907 1027 1066 1069 desunt
1097 1024 1206 1067 Cod.
1230 1024 1284 1067 Β.
1318 1038 1459 1080 neque
1495 1027 1598 1065 sunt
1614 1035 1662 1061 10

125 1105 282 1162 Chrys.

192 1198 292 1239 224,
316 1198 382 1239 14.
416 1183 572 1241 Chrys.
598 1183 742 1226 Schol.
765 1197 855 1225 non
877 1182 1009 1225 habet
1033 1180 1142 1224 Cod.
1168 1181 1221 1224 B.

194 1272 293 1319 225,
316 1275 382 1304 10.
414 1257 598 1319 γενέσθαι
622 1254 668 1303 τό
691 1277 753 1319 κρ.
894 1274 961 1305 12.
985 1254 1094 1318 παρὰ
1116 1276 1156 1301 τ.
1181 1253 1309 1307 ἰδίοις.

193 1349 292 1396 225,
313 1352 353 1383 2.
385 1330 456 1380 ὧδε
481 1331 617 1380 ἑαυτὸν
640 1339 766 1379 καλεῖ
782 1352 871 1379 non
893 1336 1025 1379 habet
1048 1337 1103 1378 Β.
1194 1349 1265 1392 3ο.
1289 1328 1408 1377 αὐτὸν
1431 1349 1517 1377 om.
1542 1335 1597 1377 B.

193 1418 292 1468 226,
313 1416 353 1458 8.
387 1408 628 1472 βουλόμενον
651 1407 716 1457 τὸν
739 1408 930 1473 Χριστόν.
1011 1427 1078 1456 11.
1104 1408 1247 1466 εἷσήει.
1325 1425 1392 1468 13.
1415 1406 1599 1470 παρέσει.
1620 1431 1662 1469 15

194 1495 291 1545 226,
312 1507 380 1538 21.
405 1487 463 1535 ’ἔτι
489 1488 530 1535 δὲ
553 1487 635 1535 καί.
716 1506 785 1549 23.
810 1488 880 1546 τὴν
903 1487 1033 1544 ἀτελῆ
1057 1508 1101 1533 π.
1126 1507 1165 1533 κ.
1192 1485 1261 1543 τὴν
1283 1495 1378 1533 πολ.
1398 1484 1601 1540 ἐπίδειξιν.

194 1573 291 1623 226,
309 1581 380 1628 35.
417 1571 528 1615 Quae
552 1585 642 1627 seq.
666 1576 767 1627 post
790 1566 971 1622 διέκοψεν
994 1584 1080 1611 om.
1106 1568 1160 1610 B.

187 1661 294 1705 ἶ227,
317 1659 384 1705 15.
414 1643 651 1707 προσέθηκεν
672 1643 786 1689 ἀλλὰ
809 1641 975 1694 δεικνύς.

195 1737 294 1782 227,
318 1727 384 1768 16.
417 1721 562 1768 οὐδέπω
586 1742 652 1784 πρ.
676 1743 714 1768 τ.
739 1718 835 1776 ἵψος
859 1726 932 1767 τῶν
954 1724 1115 1778 Σαμαρ.
1140 1716 1336 1776 ἔφθασαν.

195 1814 295 1859 227,
316 1817 387 1847 22.
421 1798 555 1862 ἑορτὴν
579 1798 744 1845 ἐνταῦθα
766 1797 838 1854 τὴν
859 1796 1132 1854 πεντηκοστήν
1155 1802 1277 1854 φησι.
1619 1806 1668 1832 20

196 1892 296 1937 227,
317 1895 386 1935 24,
415 1898 456 1923 τ.
482 1876 523 1923 δὲ
547 1876 612 1922 διὰ
634 1874 678 1921 το
702 1879 867 1933 πλῆθος,
890 1875 1084 1935 μάλιστα
1106 1893 1149 1934 γ.
1174 1871 1212 1919 ἔν
1234 1893 1274 1919 τ.
1298 1871 1465 1934 ἡμέραις
1489 1893 1528 1919 τ.

197 1970 297 2015 227,
318 1960 388 2003 26.
421 1953 669 2016 συνέτρεχον.
1251 1955 1270 1969 ⁴

197 2037 296 2081 228.
330 2030 389 2077 Τὂ
413 2030 456 2078 δὲ
480 2028 544 2077 ε’πῖ
577 2035 631 2095 τῇ
664 2033 895 2093 προβατικῇ
930 2026 1194 2089 κολυμβήθρᾳ
1217 2030 1352 2087 θαῦμα
1374 2024 1605 2085 τελούμενον

128 2108 206 2171 οὖχ
249 2111 387 2160 ἁπλῶς
434 2105 598 2170 ἐγίνετο,
634 2106 749 2153 ἄλλα
790 2106 912 2157 τύπος
946 2102 991 2162 ἦν
1043 2109 1110 2151 τοῦ
1155 2102 1377 2164 μέλλοντος
1423 2101 1604 2149 δίδοσθαι

129 2183 439 2247 βαπτίσματος·
475 2185 650 2246 καθάπερ
675 2183 713 2230 ἐν
737 2182 851 2230 εἰκόνι
885 2182 1191 2246 προδιαγράφων
1221 2180 1293 2235 τὴν
1314 2179 1470 2238 πολλὴν
1493 2179 1605 2227 ὃῦνα-
1621 2194 1666 2235 25

127 2285 197 2325 μιν
230 2262 352 2310 αὗτοῦ
387 2258 456 2308 καὶ
490 2259 694 2324 μεγίστην
724 2260 880 2324 δωρεὰν,
905 2259 955 2312 ὥς
990 2257 1195 2322 ἁμαρτίας
1228 2262 1409 2320 καθαῖρον
1437 2254 1504 2304 καὶ
1526 2254 1605 2303 ἀπὸ

129 2345 264 2403 νεκρῶν
303 2344 449 2397 ζῶντας
497 2337 766 2401 ἐργαζόμενον.
825 2337 862 2384 εἷ
899 2337 978 2399 ’γὰρ
1008 2332 1208 2398 Ἄγγελος
1241 2332 1494 2390 καταβαίνων
1533 2331 1605 2381 καὶ

131 2418 343 2480 ταράσσων
366 2414 411 2461 τὸ
436 2414 530 2479 ὕδωρ
556 2415 775 2476 ιάματικὴν
808 2412 906 2460 αὐτό
943 2414 1042 2476 (sic)
1080 2412 1241 2474 δύναμιν
1273 2411 1445 2468 ἐνετίθει,
1467 2415 1607 2475 πολλῷ

133 2501 288 2541 μᾶλλον
311 2494 329 2539 ὅ
351 2499 426 2539 τῶν
446 2491 644 2554 Ἀγγέλων
668 2489 866 2548 δεσπότης
889 2512 934 2537 π.
960 2513 999 2537 τ.
1024 2511 1107 2537 νοσ.

201 2575 298 2625 228,
321 2584 388 2630 15.
413 2567 480 2615 καὶ
503 2566 634 2631 ὥσπερ
659 2567 735 2630 οὐχ
757 2571 894 2620 ἁπλῶς
919 2566 1007 2614 ι’ἄτο
1030 2566 1122 2613 τότε
1145 2572 1219 2612 τῶν
1243 2565 1301 2612 ὖὸ.
1326 2567 1351 2619 ἡ
1374 2564 1516 2623 φύσις.
1618 2579 1671 2617 30

201 2653 300 2704 228,
324 2653 390 2694 16.
415 2645 511 2693 ἀλλ’
535 2647 561 2704 ἦ
584 2668 623 2693 τ.
646 2644 760 2708 Ἀγγ.
785 2645 975 2707 ἐνέργεια.
1116 2658 1182 2702 17.
1208 2641 1272 2702 ἐφ’
1297 2644 1418 2704 ἡμῶν.

201 2730 300 2781 228,
325 2743 394 2785 19.
419 2721 488 2771 καὶ
512 2721 604 2770 τότε
626 2723 700 2784 μὲν
722 2725 748 2781 ἦ
770 2722 862 2769 οἶσθ.

201 2807 301 2858 228,
322 2820 389 2851 21.
417 2806 521 2848 Post
542 2804 773 2863 προσελθεῖν
796 2809 910 2846 caett.
931 2818 1018 2845 om.
1044 2803 1098 2844 B.

203 2899 301 2941 229,
322 2898 391 2941 29.
416 2877 694 2941 χρησιμεύειν.
829 2894 902 2937 31.
927 2875 969 2923 οὗ
992 2894 1078 2922 om.
1103 2879 1156 2921 B.

202 2976 302 3019 230,
320 2963 361 3005 6.
385 2953 514 3003 αὐτόν.
622 2960 687 3001 16.
710 2953 793 3018 χρὴ
817 2953 858 3000 δὲ
878 2953 1098 3014 θαυμάσαι.
1149 2956 1258 2999 Haec
1283 2955 1439 3014 Chrys.
1464 2961 1583 2999 sunt.
1618 2969 1670 3007 35
