1884 3340
302 254 373 296 viii
717 253 1031 297 MONITUM
1064 246 1360 297 LECTORI.

305 375 390 423 tas,
412 360 659 429 multoque
692 368 843 429 major
875 382 1016 429 quam
1051 368 1100 413 in
1134 383 1414 428 quacunque
1450 367 1579 414 Novi
1609 368 1772 414 Testae

303 452 454 498 menti
477 456 637 512 parte;
662 451 788 511 quod
815 465 910 496 non
933 450 1123 497 aliunde
1142 450 1282 496 credo
1301 451 1409 496 oriri
1432 451 1604 511 potuit,
1628 446 1771 511 quarn

305 549 367 580 ex
405 535 562 580 minus
604 533 819 595 diligenti
861 538 910 579 et
951 532 1185 579 constanti
1219 532 1320 593 ejus
1359 529 1549 593 publico
1586 547 1674 579 usu
1722 534 1767 578 in

305 617 595 677 quarundam
637 615 955 662 Ecclesiarum
1001 616 1141 662 sacris
1188 614 1394 670 Officiis3
1442 631 1534 676 quo
1580 615 1770 676 quidem

303 700 600 760 potissimum
622 698 795 744 divinae
819 698 1057 758 scripturae
1088 698 1334 759 integritas
1361 702 1506 758 atque
1529 697 1772 743 uniformi-

304 788 377 828 tas
400 782 571 828 servari
596 786 645 827 et
669 781 921 827 sustentari
945 780 1108 826 valuit.

371 864 553 910 Praeter
593 863 708 909 Ood.
745 862 887 910 Coisl.
928 863 1228 909 adhibuimus
1267 864 1316 908 in
1356 863 1539 909 duobus
1579 861 1771 909 Catenis

305 943 422 993 Cod.
447 946 586 992 Bodl.
613 945 709 1007 (B),
744 961 837 1006 quo
863 947 967 1007 jam
1001 947 1072 992 usi
1097 961 1258 992 sumus
1293 947 1342 991 in
1378 945 1481 992 Cat.
1506 946 1566 991 ad
1590 944 1770 1006 Evang.

306 1029 354 1076 S.
371 1028 605 1082 Matthaei,
623 1034 672 1074 et
695 1029 744 1074 in
768 1028 1007 1075 nonnullis
1024 1029 1170 1074 etiam
1193 1027 1307 1075 locis
1327 1028 1431 1074 Cat.
1450 1028 1499 1073 in
1524 1027 1573 1073 S.
1591 1027 1772 1073 Lucam

306 1112 420 1158 Cod.
447 1111 743 1157 Laudianum
779 1110 874 1173 (L),
911 1111 991 1171 qui
1031 1126 1152 1172 saepe
1185 1110 1423 1157 adhibitus
1458 1110 1549 1156 fuit
1582 1111 1631 1155 in
1666 1109 1770 1156 Cat.

305 1196 354 1240 in
396 1194 482 1239 Ev.
518 1193 566 1240 S.
600 1193 768 1239 Marci.
839 1193 1026 1240 Horum
1074 1193 1416 1255 Supplementa
1461 1198 1511 1239 et
1556 1192 1772 1239 lectionis

292 1277 506 1323 *varietas
545 1277 604 1322 ad
642 1276 820 1323 calcem
855 1275 1105 1322 voluminis
1144 1276 1426 1338 relegantur.
1496 1275 1592 1322 Sed
1629 1276 1772 1337 perti-

306 1365 422 1406 nent
452 1364 639 1405 tantum
663 1359 723 1405 ad
747 1358 1003 1420 Epitomen
1027 1358 1294 1405 Comment.
1319 1359 1368 1404 in
1400 1357 1449 1405 S.
1475 1357 1672 1413 Lucam,
1689 1358 1771 1419 qui

307 1442 450 1504 vulgo
473 1442 580 1488 Tito
605 1441 847 1488 Bostrensi
870 1442 1109 1498 tribuitur,
1134 1447 1183 1487 et
1211 1441 1255 1487 ei
1286 1441 1407 1502 parti
1432 1441 1771 1487 Commentarii

308 1526 357 1571 in
382 1524 430 1571 S.
448 1524 480 1570 J
483 1539 695 1578 oannem,
721 1540 824 1585 quae
847 1524 1180 1587 chrysostomo
1205 1524 1416 1571 debetur.
1487 1523 1578 1569 His
1609 1528 1771 1570 autem

309 1607 594 1669 corrigendis
644 1607 780 1654 utilia
830 1608 1141 1662 invenientur,
1178 1608 1520 1668 sarciendisque
1567 1607 1624 1652 iis
1669 1621 1772 1667 quae

310 1690 480 1736 omissa
501 1694 610 1736 sunt
633 1695 716 1735 aut
737 1691 963 1736 mendose
993 1691 1177 1751 scripta,
1202 1690 1461 1744 oscitantia,
1480 1690 1577 1736 sive
1600 1688 1772 1735 veteris

309 1773 484 1819 librarii
519 1772 805 1827 Coisliniani,
835 1773 933 1818 sive
967 1772 1093 1819 illius
1127 1773 1259 1834 cujus
1293 1788 1435 1833 opera
1468 1772 1527 1819 ad
1555 1771 1773 1818 transcri-

310 1857 518 1902 bendum
542 1856 780 1912 Codicem,
800 1856 929 1903 lectu
952 1871 1047 1903 non
1069 1856 1269 1912 facilem,
1290 1854 1477 1903 Parisiis
1499 1855 1570 1902 usi
1595 1867 1770 1901 sumus.
